%YAML 1.1
%TAG !u! tag:unity3d.com,2011:
--- !u!1 &148796758
GameObject:
  m_ObjectHideFlags: 0
  m_CorrespondingSourceObject: {fileID: 0}
  m_PrefabInstance: {fileID: 0}
  m_PrefabAsset: {fileID: 0}
  serializedVersion: 6
  m_Component:
  - component: {fileID: 148796759}
  - component: {fileID: 148796760}
  - component: {fileID: 148796761}
  - component: {fileID: 148796762}
  m_Layer: 9
  m_Name: TorchTrigger
  m_TagString: Untagged
  m_Icon: {fileID: 0}
  m_NavMeshLayer: 0
  m_StaticEditorFlags: 0
  m_IsActive: 1
--- !u!4 &148796759
Transform:
  m_ObjectHideFlags: 0
  m_CorrespondingSourceObject: {fileID: 0}
  m_PrefabInstance: {fileID: 0}
  m_PrefabAsset: {fileID: 0}
  m_GameObject: {fileID: 148796758}
  m_LocalRotation: {x: 0, y: 0, z: 0, w: 1}
  m_LocalPosition: {x: 0, y: 0, z: 0}
  m_LocalScale: {x: 1, y: 1, z: 1}
  m_Children: []
  m_Father: {fileID: 2750221205996287652}
  m_RootOrder: 2
  m_LocalEulerAnglesHint: {x: 0, y: 0, z: 0}
--- !u!65 &148796760
BoxCollider:
  m_ObjectHideFlags: 0
  m_CorrespondingSourceObject: {fileID: 0}
  m_PrefabInstance: {fileID: 0}
  m_PrefabAsset: {fileID: 0}
  m_GameObject: {fileID: 148796758}
  m_Material: {fileID: 0}
  m_IsTrigger: 0
  m_Enabled: 1
  serializedVersion: 2
  m_Size: {x: 1.8480699, y: 1.159553, z: 2}
  m_Center: {x: 0.025434969, y: 0.498521, z: -0.79999995}
--- !u!114 &148796761
MonoBehaviour:
  m_ObjectHideFlags: 0
  m_CorrespondingSourceObject: {fileID: 0}
  m_PrefabInstance: {fileID: 0}
  m_PrefabAsset: {fileID: 0}
  m_GameObject: {fileID: 148796758}
  m_Enabled: 1
  m_EditorHideFlags: 0
  m_Script: {fileID: 11500000, guid: 95baa7f8b2f7c09479cd07362d57cb6b, type: 3}
  m_Name: 
  m_EditorClassIdentifier: 
  fire: {fileID: 21300000, guid: 92ca964516626ac49a632bc744df7a1f, type: 3}
--- !u!54 &148796762
Rigidbody:
  m_ObjectHideFlags: 0
  m_CorrespondingSourceObject: {fileID: 0}
  m_PrefabInstance: {fileID: 0}
  m_PrefabAsset: {fileID: 0}
  m_GameObject: {fileID: 148796758}
  serializedVersion: 2
  m_Mass: 1
  m_Drag: 0
  m_AngularDrag: 0.05
  m_UseGravity: 0
  m_IsKinematic: 0
  m_Interpolate: 0
  m_Constraints: 126
  m_CollisionDetection: 0
--- !u!1001 &2754681239715124514
PrefabInstance:
  m_ObjectHideFlags: 0
  serializedVersion: 2
  m_Modification:
    m_TransformParent: {fileID: 0}
    m_Modifications:
    - target: {fileID: 1581587510774328, guid: 7bf099e81db93894caeb9d049528b1c5, type: 3}
      propertyPath: m_Name
      value: TutorialCampfire
      objectReference: {fileID: 0}
    - target: {fileID: 4548007701816198, guid: 7bf099e81db93894caeb9d049528b1c5, type: 3}
      propertyPath: m_LocalPosition.x
      value: 1585.77
      objectReference: {fileID: 0}
    - target: {fileID: 4548007701816198, guid: 7bf099e81db93894caeb9d049528b1c5, type: 3}
      propertyPath: m_LocalPosition.y
      value: 0.1
      objectReference: {fileID: 0}
    - target: {fileID: 4548007701816198, guid: 7bf099e81db93894caeb9d049528b1c5, type: 3}
      propertyPath: m_LocalPosition.z
      value: -2026.73
      objectReference: {fileID: 0}
    - target: {fileID: 4548007701816198, guid: 7bf099e81db93894caeb9d049528b1c5, type: 3}
      propertyPath: m_LocalRotation.x
      value: 0.6532815
      objectReference: {fileID: 0}
    - target: {fileID: 4548007701816198, guid: 7bf099e81db93894caeb9d049528b1c5, type: 3}
      propertyPath: m_LocalRotation.y
      value: 0.27059805
      objectReference: {fileID: 0}
    - target: {fileID: 4548007701816198, guid: 7bf099e81db93894caeb9d049528b1c5, type: 3}
      propertyPath: m_LocalRotation.z
      value: -0.27059802
      objectReference: {fileID: 0}
    - target: {fileID: 4548007701816198, guid: 7bf099e81db93894caeb9d049528b1c5, type: 3}
      propertyPath: m_LocalRotation.w
      value: 0.6532815
      objectReference: {fileID: 0}
    - target: {fileID: 4548007701816198, guid: 7bf099e81db93894caeb9d049528b1c5, type: 3}
      propertyPath: m_RootOrder
      value: 0
      objectReference: {fileID: 0}
    - target: {fileID: 4548007701816198, guid: 7bf099e81db93894caeb9d049528b1c5, type: 3}
      propertyPath: m_LocalEulerAnglesHint.x
      value: 90.00001
      objectReference: {fileID: 0}
    - target: {fileID: 4548007701816198, guid: 7bf099e81db93894caeb9d049528b1c5, type: 3}
      propertyPath: m_LocalEulerAnglesHint.y
      value: 45
      objectReference: {fileID: 0}
    - target: {fileID: 4548007701816198, guid: 7bf099e81db93894caeb9d049528b1c5, type: 3}
      propertyPath: m_LocalEulerAnglesHint.z
      value: 0
      objectReference: {fileID: 0}
    - target: {fileID: 4548007701816198, guid: 7bf099e81db93894caeb9d049528b1c5, type: 3}
      propertyPath: m_LocalScale.x
      value: 2
      objectReference: {fileID: 0}
    - target: {fileID: 4548007701816198, guid: 7bf099e81db93894caeb9d049528b1c5, type: 3}
      propertyPath: m_LocalScale.y
      value: 2.828
      objectReference: {fileID: 0}
    - target: {fileID: 1365233945253548, guid: 7bf099e81db93894caeb9d049528b1c5, type: 3}
      propertyPath: m_Name
      value: CampfireImage
      objectReference: {fileID: 0}
    - target: {fileID: 212624215168162266, guid: 7bf099e81db93894caeb9d049528b1c5,
        type: 3}
      propertyPath: m_Sprite
      value: 
      objectReference: {fileID: 21300000, guid: 5adfb21e15ebfb2499399ff8d69ad55a,
        type: 3}
    - target: {fileID: 114251477839841606, guid: 7bf099e81db93894caeb9d049528b1c5,
        type: 3}
      propertyPath: resourcePathway
      value: Enviro/FinalPrefab/SmallObj/TutorialCampfire
      objectReference: {fileID: 0}
    m_RemovedComponents: []
  m_SourcePrefab: {fileID: 100100000, guid: 7bf099e81db93894caeb9d049528b1c5, type: 3}
--- !u!4 &2750221205996287652 stripped
Transform:
  m_CorrespondingSourceObject: {fileID: 4548007701816198, guid: 7bf099e81db93894caeb9d049528b1c5,
    type: 3}
  m_PrefabInstance: {fileID: 2754681239715124514}
  m_PrefabAsset: {fileID: 0}
