%YAML 1.1
%TAG !u! tag:unity3d.com,2011:
--- !u!1 &1005043430712914
GameObject:
  m_ObjectHideFlags: 0
  m_CorrespondingSourceObject: {fileID: 0}
  m_PrefabInstance: {fileID: 0}
  m_PrefabAsset: {fileID: 0}
  serializedVersion: 6
  m_Component:
  - component: {fileID: 4501384450378756}
  m_Layer: 0
  m_Name: Bip001 R UpperArm
  m_TagString: Untagged
  m_Icon: {fileID: 0}
  m_NavMeshLayer: 0
  m_StaticEditorFlags: 0
  m_IsActive: 1
--- !u!4 &4501384450378756
Transform:
  m_ObjectHideFlags: 0
  m_CorrespondingSourceObject: {fileID: 0}
  m_PrefabInstance: {fileID: 0}
  m_PrefabAsset: {fileID: 0}
  m_GameObject: {fileID: 1005043430712914}
  m_LocalRotation: {x: 0.30794296, y: 0.4318358, z: 0.19257982, w: 0.825592}
  m_LocalPosition: {x: -0.14892255, y: 0, z: 0.000000038743018}
  m_LocalScale: {x: 0.99999994, y: 1.0000001, z: 1}
  m_Children:
  - {fileID: 4493269951166218}
  m_Father: {fileID: 4647989812233374}
  m_RootOrder: 0
  m_LocalEulerAnglesHint: {x: 18.33247, y: 67.56796, z: -10.848838}
--- !u!1 &1015991519253658
GameObject:
  m_ObjectHideFlags: 0
  m_CorrespondingSourceObject: {fileID: 0}
  m_PrefabInstance: {fileID: 0}
  m_PrefabAsset: {fileID: 0}
  serializedVersion: 6
  m_Component:
  - component: {fileID: 4895755285296084}
  m_Layer: 0
  m_Name: Bone020
  m_TagString: Untagged
  m_Icon: {fileID: 0}
  m_NavMeshLayer: 0
  m_StaticEditorFlags: 0
  m_IsActive: 1
--- !u!4 &4895755285296084
Transform:
  m_ObjectHideFlags: 0
  m_CorrespondingSourceObject: {fileID: 0}
  m_PrefabInstance: {fileID: 0}
  m_PrefabAsset: {fileID: 0}
  m_GameObject: {fileID: 1015991519253658}
  m_LocalRotation: {x: 0.00000001490116, y: 0.000000014901163, z: 0.000000074505806,
    w: 1}
  m_LocalPosition: {x: -0.24348584, y: -0.00000015497207, z: 0}
  m_LocalScale: {x: 1, y: 1, z: 1}
  m_Children: []
  m_Father: {fileID: 4493922203277394}
  m_RootOrder: 0
  m_LocalEulerAnglesHint: {x: 0, y: 0, z: 0}
--- !u!1 &1016670954357096
GameObject:
  m_ObjectHideFlags: 0
  m_CorrespondingSourceObject: {fileID: 0}
  m_PrefabInstance: {fileID: 0}
  m_PrefabAsset: {fileID: 0}
  serializedVersion: 6
  m_Component:
  - component: {fileID: 4292841149969820}
  m_Layer: 0
  m_Name: H
  m_TagString: Untagged
  m_Icon: {fileID: 0}
  m_NavMeshLayer: 0
  m_StaticEditorFlags: 0
  m_IsActive: 1
--- !u!4 &4292841149969820
Transform:
  m_ObjectHideFlags: 0
  m_CorrespondingSourceObject: {fileID: 0}
  m_PrefabInstance: {fileID: 0}
  m_PrefabAsset: {fileID: 0}
  m_GameObject: {fileID: 1016670954357096}
  m_LocalRotation: {x: 0.00000023841856, y: 7.1054274e-14, z: -1.6940657e-20, w: 1}
  m_LocalPosition: {x: -0.31772017, y: 0.024691932, z: 0.0000004649165}
  m_LocalScale: {x: 1, y: 1, z: 1}
  m_Children: []
  m_Father: {fileID: 4394377742573184}
  m_RootOrder: 1
  m_LocalEulerAnglesHint: {x: 0, y: 0, z: 0}
--- !u!1 &1020563716465904
GameObject:
  m_ObjectHideFlags: 0
  m_CorrespondingSourceObject: {fileID: 0}
  m_PrefabInstance: {fileID: 0}
  m_PrefabAsset: {fileID: 0}
  serializedVersion: 6
  m_Component:
  - component: {fileID: 4090411549770848}
  m_Layer: 0
  m_Name: bone_chibang_18
  m_TagString: Untagged
  m_Icon: {fileID: 0}
  m_NavMeshLayer: 0
  m_StaticEditorFlags: 0
  m_IsActive: 1
--- !u!4 &4090411549770848
Transform:
  m_ObjectHideFlags: 0
  m_CorrespondingSourceObject: {fileID: 0}
  m_PrefabInstance: {fileID: 0}
  m_PrefabAsset: {fileID: 0}
  m_GameObject: {fileID: 1020563716465904}
  m_LocalRotation: {x: 0.030344615, y: 0.07676586, z: -0.17602608, w: 0.98091847}
  m_LocalPosition: {x: -0.08167175, y: 0.09603247, z: -0.020682223}
  m_LocalScale: {x: 0.9999999, y: 0.9999999, z: 1}
  m_Children:
  - {fileID: 4154541004101470}
  m_Father: {fileID: 4894766624113500}
  m_RootOrder: 1
  m_LocalEulerAnglesHint: {x: 1.2475661, y: -1.2024138, z: -30.024233}
--- !u!1 &1021726654883892
GameObject:
  m_ObjectHideFlags: 0
  m_CorrespondingSourceObject: {fileID: 0}
  m_PrefabInstance: {fileID: 0}
  m_PrefabAsset: {fileID: 0}
  serializedVersion: 6
  m_Component:
  - component: {fileID: 4198934768023986}
  m_Layer: 0
  m_Name: bone_chibang_06
  m_TagString: Untagged
  m_Icon: {fileID: 0}
  m_NavMeshLayer: 0
  m_StaticEditorFlags: 0
  m_IsActive: 1
--- !u!4 &4198934768023986
Transform:
  m_ObjectHideFlags: 0
  m_CorrespondingSourceObject: {fileID: 0}
  m_PrefabInstance: {fileID: 0}
  m_PrefabAsset: {fileID: 0}
  m_GameObject: {fileID: 1021726654883892}
  m_LocalRotation: {x: -0.04402049, y: 0.04811201, z: 0.6738146, w: 0.7360172}
  m_LocalPosition: {x: -0.73265624, y: -0.00000015497207, z: -0.000000077486035}
  m_LocalScale: {x: 1.0000002, y: 1, z: 1.0000001}
  m_Children:
  - {fileID: 4356265236039670}
  - {fileID: 4726687584768706}
  m_Father: {fileID: 4648463364155540}
  m_RootOrder: 1
  m_LocalEulerAnglesHint: {x: 2.4169078, y: -2.2874236, z: 39.573147}
--- !u!1 &1040595780142994
GameObject:
  m_ObjectHideFlags: 0
  m_CorrespondingSourceObject: {fileID: 0}
  m_PrefabInstance: {fileID: 0}
  m_PrefabAsset: {fileID: 0}
  serializedVersion: 6
  m_Component:
  - component: {fileID: 4991262306232374}
  m_Layer: 0
  m_Name: Bip001 R HorseLink
  m_TagString: Untagged
  m_Icon: {fileID: 0}
  m_NavMeshLayer: 0
  m_StaticEditorFlags: 0
  m_IsActive: 1
--- !u!4 &4991262306232374
Transform:
  m_ObjectHideFlags: 0
  m_CorrespondingSourceObject: {fileID: 0}
  m_PrefabInstance: {fileID: 0}
  m_PrefabAsset: {fileID: 0}
  m_GameObject: {fileID: 1040595780142994}
  m_LocalRotation: {x: 0.000000019420218, y: 0.0000000075190405, z: -0.67262185, w: 0.73998636}
  m_LocalPosition: {x: -0.23509836, y: 0.000000077486035, z: 0.000000038743018}
  m_LocalScale: {x: 0.99999994, y: 0.99999994, z: 1}
  m_Children:
  - {fileID: 4172931009573050}
  m_Father: {fileID: 4438063985059830}
  m_RootOrder: 0
  m_LocalEulerAnglesHint: {x: -0.0000028280106, y: -0.0000011720117, z: -103.60571}
--- !u!1 &1056470082781134
GameObject:
  m_ObjectHideFlags: 0
  m_CorrespondingSourceObject: {fileID: 0}
  m_PrefabInstance: {fileID: 0}
  m_PrefabAsset: {fileID: 0}
  serializedVersion: 6
  m_Component:
  - component: {fileID: 4249469914105128}
  m_Layer: 0
  m_Name: bone_chibang_13
  m_TagString: Untagged
  m_Icon: {fileID: 0}
  m_NavMeshLayer: 0
  m_StaticEditorFlags: 0
  m_IsActive: 1
--- !u!4 &4249469914105128
Transform:
  m_ObjectHideFlags: 0
  m_CorrespondingSourceObject: {fileID: 0}
  m_PrefabInstance: {fileID: 0}
  m_PrefabAsset: {fileID: 0}
  m_GameObject: {fileID: 1056470082781134}
  m_LocalRotation: {x: -0.06378115, y: 0.059397716, z: 0.72902185, w: 0.678919}
  m_LocalPosition: {x: -0.49516195, y: -0.000000077486035, z: 0.000000077486035}
  m_LocalScale: {x: 0.99999994, y: 0.9999998, z: 1}
  m_Children:
  - {fileID: 4894766624113500}
  - {fileID: 4456293788811346}
  m_Father: {fileID: 4664066962209032}
  m_RootOrder: 0
  m_LocalEulerAnglesHint: {x: -12.8557, y: -29.51959, z: 78.95093}
--- !u!1 &1086492538223164
GameObject:
  m_ObjectHideFlags: 0
  m_CorrespondingSourceObject: {fileID: 0}
  m_PrefabInstance: {fileID: 0}
  m_PrefabAsset: {fileID: 0}
  serializedVersion: 6
  m_Component:
  - component: {fileID: 4750630401514638}
  m_Layer: 0
  m_Name: Bip001
  m_TagString: Untagged
  m_Icon: {fileID: 0}
  m_NavMeshLayer: 0
  m_StaticEditorFlags: 0
  m_IsActive: 1
--- !u!4 &4750630401514638
Transform:
  m_ObjectHideFlags: 0
  m_CorrespondingSourceObject: {fileID: 0}
  m_PrefabInstance: {fileID: 0}
  m_PrefabAsset: {fileID: 0}
  m_GameObject: {fileID: 1086492538223164}
  m_LocalRotation: {x: -0.09380159, y: 0.09380142, z: 0.70085704, w: 0.700858}
  m_LocalPosition: {x: -0.000000016676289, y: 1.4267355, z: -0.33228642}
  m_LocalScale: {x: 1, y: 1, z: 1}
  m_Children:
  - {fileID: 4045381696071512}
  - {fileID: 4047764313663234}
  m_Father: {fileID: 4838504910096310}
  m_RootOrder: 0
  m_LocalEulerAnglesHint: {x: -15.833035, y: 4.7690144, z: 88.879776}
--- !u!1 &1104879112977806
GameObject:
  m_ObjectHideFlags: 0
  m_CorrespondingSourceObject: {fileID: 0}
  m_PrefabInstance: {fileID: 0}
  m_PrefabAsset: {fileID: 0}
  serializedVersion: 6
  m_Component:
  - component: {fileID: 4784247991743204}
  m_Layer: 0
  m_Name: Bip001 L Calf
  m_TagString: Untagged
  m_Icon: {fileID: 0}
  m_NavMeshLayer: 0
  m_StaticEditorFlags: 0
  m_IsActive: 1
--- !u!4 &4784247991743204
Transform:
  m_ObjectHideFlags: 0
  m_CorrespondingSourceObject: {fileID: 0}
  m_PrefabInstance: {fileID: 0}
  m_PrefabAsset: {fileID: 0}
  m_GameObject: {fileID: 1104879112977806}
  m_LocalRotation: {x: 0.000000017677737, y: 0.000000002021041, z: 0.7592831, w: 0.6507605}
  m_LocalPosition: {x: -0.24669167, y: 0, z: 0}
  m_LocalScale: {x: 0.99999994, y: 0.99999994, z: 1}
  m_Children:
  - {fileID: 4892655665771414}
  m_Father: {fileID: 4891475153830416}
  m_RootOrder: 0
  m_LocalEulerAnglesHint: {x: 0.00000024842618, y: -0.0000010596201, z: 114.504524}
--- !u!1 &1125522487234164
GameObject:
  m_ObjectHideFlags: 0
  m_CorrespondingSourceObject: {fileID: 0}
  m_PrefabInstance: {fileID: 0}
  m_PrefabAsset: {fileID: 0}
  serializedVersion: 6
  m_Component:
  - component: {fileID: 4588043956932480}
  m_Layer: 0
  m_Name: Bip001 L UpperArm
  m_TagString: Untagged
  m_Icon: {fileID: 0}
  m_NavMeshLayer: 0
  m_StaticEditorFlags: 0
  m_IsActive: 1
--- !u!4 &4588043956932480
Transform:
  m_ObjectHideFlags: 0
  m_CorrespondingSourceObject: {fileID: 0}
  m_PrefabInstance: {fileID: 0}
  m_PrefabAsset: {fileID: 0}
  m_GameObject: {fileID: 1125522487234164}
  m_LocalRotation: {x: -0.27391273, y: -0.4569085, z: 0.1511443, w: 0.8326835}
  m_LocalPosition: {x: -0.14892262, y: -0.00000015497207, z: 0.000000077486035}
  m_LocalScale: {x: 0.99999994, y: 1, z: 1}
  m_Children:
  - {fileID: 4984657892870610}
  m_Father: {fileID: 4713404177026018}
  m_RootOrder: 0
  m_LocalEulerAnglesHint: {x: -16.305227, y: -58.97071, z: -20.290607}
--- !u!1 &1127671044659776
GameObject:
  m_ObjectHideFlags: 0
  m_CorrespondingSourceObject: {fileID: 0}
  m_PrefabInstance: {fileID: 0}
  m_PrefabAsset: {fileID: 0}
  serializedVersion: 6
  m_Component:
  - component: {fileID: 4052752603816400}
  m_Layer: 0
  m_Name: Bip001 Neck
  m_TagString: Untagged
  m_Icon: {fileID: 0}
  m_NavMeshLayer: 0
  m_StaticEditorFlags: 0
  m_IsActive: 1
--- !u!4 &4052752603816400
Transform:
  m_ObjectHideFlags: 0
  m_CorrespondingSourceObject: {fileID: 0}
  m_PrefabInstance: {fileID: 0}
  m_PrefabAsset: {fileID: 0}
  m_GameObject: {fileID: 1127671044659776}
  m_LocalRotation: {x: 0.00000007933382, y: -0.00000068537634, z: 0.1657754, w: 0.98616356}
  m_LocalPosition: {x: -0.3186115, y: -0.018737208, z: -0.000000027541056}
  m_LocalScale: {x: 0.99999994, y: 0.99999994, z: 1}
  m_Children:
  - {fileID: 4713404177026018}
  - {fileID: 4133160886688168}
  - {fileID: 4647989812233374}
  m_Father: {fileID: 4267869279711594}
  m_RootOrder: 0
  m_LocalEulerAnglesHint: {x: 0.000039770573, y: 0.00006488847, z: -33.915436}
--- !u!1 &1139483791065108
GameObject:
  m_ObjectHideFlags: 0
  m_CorrespondingSourceObject: {fileID: 0}
  m_PrefabInstance: {fileID: 0}
  m_PrefabAsset: {fileID: 0}
  serializedVersion: 6
  m_Component:
  - component: {fileID: 4079020471971702}
  m_Layer: 0
  m_Name: bone_chibang_09
  m_TagString: Untagged
  m_Icon: {fileID: 0}
  m_NavMeshLayer: 0
  m_StaticEditorFlags: 0
  m_IsActive: 1
--- !u!4 &4079020471971702
Transform:
  m_ObjectHideFlags: 0
  m_CorrespondingSourceObject: {fileID: 0}
  m_PrefabInstance: {fileID: 0}
  m_PrefabAsset: {fileID: 0}
  m_GameObject: {fileID: 1139483791065108}
  m_LocalRotation: {x: 0.005431261, y: -0.060869206, z: 0.2431858, w: 0.96805274}
  m_LocalPosition: {x: -0.6111652, y: -0.00000015497207, z: 0.00000030994414}
  m_LocalScale: {x: 1.0000001, y: 1, z: 1.0000001}
  m_Children:
  - {fileID: 4176030487386394}
  m_Father: {fileID: 4567771026152418}
  m_RootOrder: 0
  m_LocalEulerAnglesHint: {x: -1.9538728, y: 0.00069596333, z: 32.859177}
--- !u!1 &1150169754952702
GameObject:
  m_ObjectHideFlags: 0
  m_CorrespondingSourceObject: {fileID: 0}
  m_PrefabInstance: {fileID: 0}
  m_PrefabAsset: {fileID: 0}
  serializedVersion: 6
  m_Component:
  - component: {fileID: 4267869279711594}
  m_Layer: 0
  m_Name: Bip001 Spine1
  m_TagString: Untagged
  m_Icon: {fileID: 0}
  m_NavMeshLayer: 0
  m_StaticEditorFlags: 0
  m_IsActive: 1
--- !u!4 &4267869279711594
Transform:
  m_ObjectHideFlags: 0
  m_CorrespondingSourceObject: {fileID: 0}
  m_PrefabInstance: {fileID: 0}
  m_PrefabAsset: {fileID: 0}
  m_GameObject: {fileID: 1150169754952702}
  m_LocalRotation: {x: -0.0000000014344561, y: -0.00000022065028, z: 0.053568255,
    w: 0.9985642}
  m_LocalPosition: {x: -0.19858594, y: -0.00025771855, z: -7.1206613e-10}
  m_LocalScale: {x: 1, y: 1, z: 1}
  m_Children:
  - {fileID: 4052752603816400}
  - {fileID: 4702859181621822}
  - {fileID: 4664066962209032}
  - {fileID: 4509073653498480}
  m_Father: {fileID: 4329914927051718}
  m_RootOrder: 2
  m_LocalEulerAnglesHint: {x: -1.0552204, y: 4.4596596, z: 11.250712}
--- !u!1 &1171751813178690
GameObject:
  m_ObjectHideFlags: 0
  m_CorrespondingSourceObject: {fileID: 0}
  m_PrefabInstance: {fileID: 0}
  m_PrefabAsset: {fileID: 0}
  serializedVersion: 6
  m_Component:
  - component: {fileID: 4793080581314430}
  m_Layer: 0
  m_Name: HL
  m_TagString: Untagged
  m_Icon: {fileID: 0}
  m_NavMeshLayer: 0
  m_StaticEditorFlags: 0
  m_IsActive: 1
--- !u!4 &4793080581314430
Transform:
  m_ObjectHideFlags: 0
  m_CorrespondingSourceObject: {fileID: 0}
  m_PrefabInstance: {fileID: 0}
  m_PrefabAsset: {fileID: 0}
  m_GameObject: {fileID: 1171751813178690}
  m_LocalRotation: {x: 0.00000026635834, y: -0.000000026077021, z: 0.00000007450584,
    w: 1}
  m_LocalPosition: {x: -0.000000048428774, y: -0.000000019371509, z: 0}
  m_LocalScale: {x: 0.99999964, y: 0.9999997, z: 0.9999998}
  m_Children: []
  m_Father: {fileID: 4688962696466672}
  m_RootOrder: 1
  m_LocalEulerAnglesHint: {x: 0, y: 0, z: 0}
--- !u!1 &1174090805390770
GameObject:
  m_ObjectHideFlags: 0
  m_CorrespondingSourceObject: {fileID: 0}
  m_PrefabInstance: {fileID: 0}
  m_PrefabAsset: {fileID: 0}
  serializedVersion: 6
  m_Component:
  - component: {fileID: 4438063985059830}
  m_Layer: 0
  m_Name: Bip001 R Calf
  m_TagString: Untagged
  m_Icon: {fileID: 0}
  m_NavMeshLayer: 0
  m_StaticEditorFlags: 0
  m_IsActive: 1
--- !u!4 &4438063985059830
Transform:
  m_ObjectHideFlags: 0
  m_CorrespondingSourceObject: {fileID: 0}
  m_PrefabInstance: {fileID: 0}
  m_PrefabAsset: {fileID: 0}
  m_GameObject: {fileID: 1174090805390770}
  m_LocalRotation: {x: 0.0000000032342906, y: 0.000000016156225, z: 0.52084684, w: 0.85365015}
  m_LocalPosition: {x: -0.24669175, y: 0.000000019371509, z: 0}
  m_LocalScale: {x: 1.0000002, y: 1, z: 1}
  m_Children:
  - {fileID: 4991262306232374}
  m_Father: {fileID: 4233581764935572}
  m_RootOrder: 0
  m_LocalEulerAnglesHint: {x: 0.0000009275552, y: 0.00000077125304, z: 91.479195}
--- !u!1 &1199560552882126
GameObject:
  m_ObjectHideFlags: 0
  m_CorrespondingSourceObject: {fileID: 0}
  m_PrefabInstance: {fileID: 0}
  m_PrefabAsset: {fileID: 0}
  serializedVersion: 6
  m_Component:
  - component: {fileID: 4476781420982400}
  m_Layer: 0
  m_Name: Bip001 R Finger0
  m_TagString: Untagged
  m_Icon: {fileID: 0}
  m_NavMeshLayer: 0
  m_StaticEditorFlags: 0
  m_IsActive: 1
--- !u!4 &4476781420982400
Transform:
  m_ObjectHideFlags: 0
  m_CorrespondingSourceObject: {fileID: 0}
  m_PrefabInstance: {fileID: 0}
  m_PrefabAsset: {fileID: 0}
  m_GameObject: {fileID: 1199560552882126}
  m_LocalRotation: {x: 0.0003981619, y: 0.0000000011700864, z: 0.0000000149006985,
    w: 0.99999994}
  m_LocalPosition: {x: -0.1258137, y: 0, z: 0}
  m_LocalScale: {x: 0.9999999, y: 0.9999998, z: 0.9999999}
  m_Children:
  - {fileID: 4418950905794566}
  m_Father: {fileID: 4974102328344618}
  m_RootOrder: 0
  m_LocalEulerAnglesHint: {x: 0.045625243, y: 0.0000000010575839, z: 0.0000013280925}
--- !u!1 &1264317526568834
GameObject:
  m_ObjectHideFlags: 0
  m_CorrespondingSourceObject: {fileID: 0}
  m_PrefabInstance: {fileID: 0}
  m_PrefabAsset: {fileID: 0}
  serializedVersion: 6
  m_Component:
  - component: {fileID: 4172931009573050}
  m_Layer: 0
  m_Name: Bip001 R Foot
  m_TagString: Untagged
  m_Icon: {fileID: 0}
  m_NavMeshLayer: 0
  m_StaticEditorFlags: 0
  m_IsActive: 1
--- !u!4 &4172931009573050
Transform:
  m_ObjectHideFlags: 0
  m_CorrespondingSourceObject: {fileID: 0}
  m_PrefabInstance: {fileID: 0}
  m_PrefabAsset: {fileID: 0}
  m_GameObject: {fileID: 1264317526568834}
  m_LocalRotation: {x: 0.017820578, y: -0.012095736, z: 0.47006598, w: 0.8823685}
  m_LocalPosition: {x: -0.11159895, y: -0.000000077486035, z: 0}
  m_LocalScale: {x: 0.99999994, y: 1.0000001, z: 1}
  m_Children:
  - {fileID: 4385343685099372}
  - {fileID: 4639432142320642}
  m_Father: {fileID: 4991262306232374}
  m_RootOrder: 0
  m_LocalEulerAnglesHint: {x: 2.4072762, y: -0.08457458, z: 67.54609}
--- !u!1 &1266520632379306
GameObject:
  m_ObjectHideFlags: 0
  m_CorrespondingSourceObject: {fileID: 0}
  m_PrefabInstance: {fileID: 0}
  m_PrefabAsset: {fileID: 0}
  serializedVersion: 6
  m_Component:
  - component: {fileID: 4319065292672816}
  m_Layer: 0
  m_Name: Bip001 L Toe0Nub
  m_TagString: Untagged
  m_Icon: {fileID: 0}
  m_NavMeshLayer: 0
  m_StaticEditorFlags: 0
  m_IsActive: 1
--- !u!4 &4319065292672816
Transform:
  m_ObjectHideFlags: 0
  m_CorrespondingSourceObject: {fileID: 0}
  m_PrefabInstance: {fileID: 0}
  m_PrefabAsset: {fileID: 0}
  m_GameObject: {fileID: 1266520632379306}
  m_LocalRotation: {x: -5.702706e-26, y: 9.313226e-10, z: 1, w: -6.123234e-17}
  m_LocalPosition: {x: -0.07951516, y: -0.000000038743018, z: 0.000000019371509}
  m_LocalScale: {x: -1, y: -1, z: -0.99999994}
  m_Children: []
  m_Father: {fileID: 4147127881686554}
  m_RootOrder: 0
  m_LocalEulerAnglesHint: {x: -0.0000004357803, y: 0.0000002490173, z: 180}
--- !u!1 &1287996798382408
GameObject:
  m_ObjectHideFlags: 0
  m_CorrespondingSourceObject: {fileID: 0}
  m_PrefabInstance: {fileID: 0}
  m_PrefabAsset: {fileID: 0}
  serializedVersion: 6
  m_Component:
  - component: {fileID: 4899420776207872}
  m_Layer: 0
  m_Name: bone_chibang_04
  m_TagString: Untagged
  m_Icon: {fileID: 0}
  m_NavMeshLayer: 0
  m_StaticEditorFlags: 0
  m_IsActive: 1
--- !u!4 &4899420776207872
Transform:
  m_ObjectHideFlags: 0
  m_CorrespondingSourceObject: {fileID: 0}
  m_PrefabInstance: {fileID: 0}
  m_PrefabAsset: {fileID: 0}
  m_GameObject: {fileID: 1287996798382408}
  m_LocalRotation: {x: -0.008700102, y: 0.066663936, z: 0.13483438, w: 0.9885848}
  m_LocalPosition: {x: -0.6676884, y: -0.0000023245811, z: 0}
  m_LocalScale: {x: 1.0000004, y: 1, z: 0.99999976}
  m_Children:
  - {fileID: 4091062575841064}
  m_Father: {fileID: 4630724878973162}
  m_RootOrder: 0
  m_LocalEulerAnglesHint: {x: -3.3215454, y: 13.29076, z: 13.078846}
--- !u!1 &1290232792050162
GameObject:
  m_ObjectHideFlags: 0
  m_CorrespondingSourceObject: {fileID: 0}
  m_PrefabInstance: {fileID: 0}
  m_PrefabAsset: {fileID: 0}
  serializedVersion: 6
  m_Component:
  - component: {fileID: 4418950905794566}
  m_Layer: 0
  m_Name: Bip001 R Finger0Nub
  m_TagString: Untagged
  m_Icon: {fileID: 0}
  m_NavMeshLayer: 0
  m_StaticEditorFlags: 0
  m_IsActive: 1
--- !u!4 &4418950905794566
Transform:
  m_ObjectHideFlags: 0
  m_CorrespondingSourceObject: {fileID: 0}
  m_PrefabInstance: {fileID: 0}
  m_PrefabAsset: {fileID: 0}
  m_GameObject: {fileID: 1290232792050162}
  m_LocalRotation: {x: 0, y: 0, z: 1, w: 6.123234e-17}
  m_LocalPosition: {x: -0.08800907, y: -0.000000077486035, z: -0.000000019371509}
  m_LocalScale: {x: -1, y: -1, z: -1}
  m_Children: []
  m_Father: {fileID: 4476781420982400}
  m_RootOrder: 0
  m_LocalEulerAnglesHint: {x: 2.033055e-23, y: -0.00000016601152, z: -180}
--- !u!1 &1332115614778508
GameObject:
  m_ObjectHideFlags: 0
  m_CorrespondingSourceObject: {fileID: 0}
  m_PrefabInstance: {fileID: 0}
  m_PrefabAsset: {fileID: 0}
  serializedVersion: 6
  m_Component:
  - component: {fileID: 4456293788811346}
  m_Layer: 0
  m_Name: bone_chibang_21
  m_TagString: Untagged
  m_Icon: {fileID: 0}
  m_NavMeshLayer: 0
  m_StaticEditorFlags: 0
  m_IsActive: 1
--- !u!4 &4456293788811346
Transform:
  m_ObjectHideFlags: 0
  m_CorrespondingSourceObject: {fileID: 0}
  m_PrefabInstance: {fileID: 0}
  m_PrefabAsset: {fileID: 0}
  m_GameObject: {fileID: 1332115614778508}
  m_LocalRotation: {x: -0.023217017, y: -0.049366895, z: 0.90002805, w: -0.43240422}
  m_LocalPosition: {x: -0.634872, y: 0.06732591, z: 0.012847456}
  m_LocalScale: {x: 1, y: 0.9999998, z: 0.9999997}
  m_Children:
  - {fileID: 4656346653919780}
  m_Father: {fileID: 4249469914105128}
  m_RootOrder: 1
  m_LocalEulerAnglesHint: {x: 16.403269, y: -5.311612, z: -110.22563}
--- !u!1 &1348105599363926
GameObject:
  m_ObjectHideFlags: 0
  m_CorrespondingSourceObject: {fileID: 0}
  m_PrefabInstance: {fileID: 0}
  m_PrefabAsset: {fileID: 0}
  serializedVersion: 6
  m_Component:
  - component: {fileID: 4319491550015814}
  m_Layer: 0
  m_Name: Bone016(mirrored)
  m_TagString: Untagged
  m_Icon: {fileID: 0}
  m_NavMeshLayer: 0
  m_StaticEditorFlags: 0
  m_IsActive: 1
--- !u!4 &4319491550015814
Transform:
  m_ObjectHideFlags: 0
  m_CorrespondingSourceObject: {fileID: 0}
  m_PrefabInstance: {fileID: 0}
  m_PrefabAsset: {fileID: 0}
  m_GameObject: {fileID: 1348105599363926}
  m_LocalRotation: {x: -0.000000029802317, y: -0.00000016391277, z: -0.000000007450585,
    w: 1}
  m_LocalPosition: {x: -0.4415162, y: 0, z: 0.00000015497207}
  m_LocalScale: {x: 1, y: 1.0000002, z: 1.0000002}
  m_Children: []
  m_Father: {fileID: 4252372329603158}
  m_RootOrder: 0
  m_LocalEulerAnglesHint: {x: 0, y: 0, z: 0}
--- !u!1 &1352583932016258
GameObject:
  m_ObjectHideFlags: 0
  m_CorrespondingSourceObject: {fileID: 0}
  m_PrefabInstance: {fileID: 0}
  m_PrefabAsset: {fileID: 0}
  serializedVersion: 6
  m_Component:
  - component: {fileID: 4176030487386394}
  m_Layer: 0
  m_Name: Bone012(mirrored)
  m_TagString: Untagged
  m_Icon: {fileID: 0}
  m_NavMeshLayer: 0
  m_StaticEditorFlags: 0
  m_IsActive: 1
--- !u!4 &4176030487386394
Transform:
  m_ObjectHideFlags: 0
  m_CorrespondingSourceObject: {fileID: 0}
  m_PrefabInstance: {fileID: 0}
  m_PrefabAsset: {fileID: 0}
  m_GameObject: {fileID: 1352583932016258}
  m_LocalRotation: {x: 0.0000013224429, y: 0.00000036128935, z: 0.26354042, w: 0.96464837}
  m_LocalPosition: {x: -0.6061424, y: -0.0000009298324, z: -0.0000002324581}
  m_LocalScale: {x: 1, y: 1.0000001, z: 0.9999999}
  m_Children: []
  m_Father: {fileID: 4079020471971702}
  m_RootOrder: 0
  m_LocalEulerAnglesHint: {x: 0, y: 0, z: 0}
--- !u!1 &1368485871745886
GameObject:
  m_ObjectHideFlags: 0
  m_CorrespondingSourceObject: {fileID: 0}
  m_PrefabInstance: {fileID: 0}
  m_PrefabAsset: {fileID: 0}
  serializedVersion: 6
  m_Component:
  - component: {fileID: 4133160886688168}
  m_Layer: 0
  m_Name: Bip001 Neck1
  m_TagString: Untagged
  m_Icon: {fileID: 0}
  m_NavMeshLayer: 0
  m_StaticEditorFlags: 0
  m_IsActive: 1
--- !u!4 &4133160886688168
Transform:
  m_ObjectHideFlags: 0
  m_CorrespondingSourceObject: {fileID: 0}
  m_PrefabInstance: {fileID: 0}
  m_PrefabAsset: {fileID: 0}
  m_GameObject: {fileID: 1368485871745886}
  m_LocalRotation: {x: 0.00000007161348, y: -0.00000025419044, z: 0.060266808, w: 0.99818236}
  m_LocalPosition: {x: -0.1766302, y: -0.0001553595, z: -4.514703e-10}
  m_LocalScale: {x: 1.0000001, y: 1.0000001, z: 1}
  m_Children:
  - {fileID: 4394377742573184}
  m_Father: {fileID: 4052752603816400}
  m_RootOrder: 1
  m_LocalEulerAnglesHint: {x: 0.000008872442, y: 0.000012348339, z: -8.06488}
--- !u!1 &1369456802320726
GameObject:
  m_ObjectHideFlags: 0
  m_CorrespondingSourceObject: {fileID: 0}
  m_PrefabInstance: {fileID: 0}
  m_PrefabAsset: {fileID: 0}
  serializedVersion: 6
  m_Component:
  - component: {fileID: 4101571376035912}
  m_Layer: 0
  m_Name: bone_weiba_00
  m_TagString: Untagged
  m_Icon: {fileID: 0}
  m_NavMeshLayer: 0
  m_StaticEditorFlags: 0
  m_IsActive: 1
--- !u!4 &4101571376035912
Transform:
  m_ObjectHideFlags: 0
  m_CorrespondingSourceObject: {fileID: 0}
  m_PrefabInstance: {fileID: 0}
  m_PrefabAsset: {fileID: 0}
  m_GameObject: {fileID: 1369456802320726}
  m_LocalRotation: {x: -0.15607168, y: 0.97908366, z: 0.020545904, w: 0.12889794}
  m_LocalPosition: {x: 0.17451692, y: -0.016737914, z: -0.00000015497207}
  m_LocalScale: {x: 1, y: 1, z: 1}
  m_Children:
  - {fileID: 4060192513482734}
  m_Father: {fileID: 4047764313663234}
  m_RootOrder: 1
  m_LocalEulerAnglesHint: {x: 1.2200996, y: 171.62102, z: -8.526406}
--- !u!1 &1371080783767202
GameObject:
  m_ObjectHideFlags: 0
  m_CorrespondingSourceObject: {fileID: 0}
  m_PrefabInstance: {fileID: 0}
  m_PrefabAsset: {fileID: 0}
  serializedVersion: 6
  m_Component:
  - component: {fileID: 4105068256351742}
  - component: {fileID: 137021566850618538}
  m_Layer: 0
  m_Name: PT_004
  m_TagString: Untagged
  m_Icon: {fileID: 0}
  m_NavMeshLayer: 0
  m_StaticEditorFlags: 0
  m_IsActive: 1
--- !u!4 &4105068256351742
Transform:
  m_ObjectHideFlags: 0
  m_CorrespondingSourceObject: {fileID: 0}
  m_PrefabInstance: {fileID: 0}
  m_PrefabAsset: {fileID: 0}
  m_GameObject: {fileID: 1371080783767202}
  m_LocalRotation: {x: -0.7071068, y: 0, z: -0, w: 0.7071068}
  m_LocalPosition: {x: -0, y: 0, z: 0}
  m_LocalScale: {x: 1, y: 1, z: 1}
  m_Children: []
  m_Father: {fileID: 4838504910096310}
  m_RootOrder: 1
  m_LocalEulerAnglesHint: {x: 0, y: 0, z: 0}
--- !u!137 &137021566850618538
SkinnedMeshRenderer:
  m_ObjectHideFlags: 0
  m_CorrespondingSourceObject: {fileID: 0}
  m_PrefabInstance: {fileID: 0}
  m_PrefabAsset: {fileID: 0}
  m_GameObject: {fileID: 1371080783767202}
  m_Enabled: 1
  m_CastShadows: 1
  m_ReceiveShadows: 1
  m_DynamicOccludee: 1
  m_MotionVectors: 1
  m_LightProbeUsage: 1
  m_ReflectionProbeUsage: 1
  m_RenderingLayerMask: 4294967295
  m_RendererPriority: 0
  m_Materials:
  - {fileID: 2100000, guid: bf340bce5f3ce1441a68cde8c1a22b81, type: 2}
  m_StaticBatchInfo:
    firstSubMesh: 0
    subMeshCount: 0
  m_StaticBatchRoot: {fileID: 0}
  m_ProbeAnchor: {fileID: 0}
  m_LightProbeVolumeOverride: {fileID: 0}
  m_ScaleInLightmap: 1
  m_PreserveUVs: 0
  m_IgnoreNormalsForChartDetection: 0
  m_ImportantGI: 0
  m_StitchLightmapSeams: 0
  m_SelectedEditorRenderState: 3
  m_MinimumChartSize: 4
  m_AutoUVMaxDistance: 0.5
  m_AutoUVMaxAngle: 89
  m_LightmapParameters: {fileID: 0}
  m_SortingLayerID: 0
  m_SortingLayer: 0
  m_SortingOrder: 0
  serializedVersion: 2
  m_Quality: 0
  m_UpdateWhenOffscreen: 0
  m_SkinnedMotionVectors: 1
  m_Mesh: {fileID: 4300000, guid: f2b827a90437a9540b2109cf2323da75, type: 3}
  m_Bones:
  - {fileID: 4267869279711594}
  - {fileID: 4052752603816400}
  - {fileID: 4394377742573184}
  - {fileID: 4133160886688168}
  - {fileID: 4060192513482734}
  - {fileID: 4101571376035912}
  - {fileID: 4699423651146190}
  - {fileID: 4047764313663234}
  - {fileID: 4586208495731532}
  - {fileID: 4329914927051718}
  - {fileID: 4647989812233374}
  - {fileID: 4664066962209032}
  - {fileID: 4891475153830416}
  - {fileID: 4984657892870610}
  - {fileID: 4588043956932480}
  - {fileID: 4713404177026018}
  - {fileID: 4688962696466672}
  - {fileID: 4142988349962986}
  - {fileID: 4784247991743204}
  - {fileID: 4892655665771414}
  - {fileID: 4876467937366370}
  - {fileID: 4147127881686554}
  - {fileID: 4702859181621822}
  - {fileID: 4493269951166218}
  - {fileID: 4501384450378756}
  - {fileID: 4974102328344618}
  - {fileID: 4476781420982400}
  - {fileID: 4233581764935572}
  - {fileID: 4438063985059830}
  - {fileID: 4991262306232374}
  - {fileID: 4172931009573050}
  - {fileID: 4385343685099372}
  - {fileID: 4249469914105128}
  - {fileID: 4894766624113500}
  - {fileID: 4090411549770848}
  - {fileID: 4456293788811346}
  - {fileID: 4562942689818208}
  - {fileID: 4154541004101470}
  - {fileID: 4091483115241716}
  - {fileID: 4044020564808782}
  - {fileID: 4047578927987496}
  - {fileID: 4656346653919780}
  - {fileID: 4493922203277394}
  - {fileID: 4648463364155540}
  - {fileID: 4198934768023986}
  - {fileID: 4726687584768706}
  - {fileID: 4630724878973162}
  - {fileID: 4356265236039670}
  - {fileID: 4267274742918054}
  - {fileID: 4252372329603158}
  - {fileID: 4567771026152418}
  - {fileID: 4079020471971702}
  - {fileID: 4899420776207872}
  - {fileID: 4091062575841064}
  m_BlendShapeWeights: []
  m_RootBone: {fileID: 4047764313663234}
  m_AABB:
    m_Center: {x: 0.278924, y: -0.5309553, z: 0.000003516674}
    m_Extent: {x: 1.7859495, y: 1.4056845, z: 1.7804494}
  m_DirtyAABB: 0
--- !u!1 &1377553071355106
GameObject:
  m_ObjectHideFlags: 0
  m_CorrespondingSourceObject: {fileID: 0}
  m_PrefabInstance: {fileID: 0}
  m_PrefabAsset: {fileID: 0}
  serializedVersion: 6
  m_Component:
  - component: {fileID: 4586208495731532}
  m_Layer: 0
  m_Name: bone_weiba_03
  m_TagString: Untagged
  m_Icon: {fileID: 0}
  m_NavMeshLayer: 0
  m_StaticEditorFlags: 0
  m_IsActive: 1
--- !u!4 &4586208495731532
Transform:
  m_ObjectHideFlags: 0
  m_CorrespondingSourceObject: {fileID: 0}
  m_PrefabInstance: {fileID: 0}
  m_PrefabAsset: {fileID: 0}
  m_GameObject: {fileID: 1377553071355106}
  m_LocalRotation: {x: 0.0011302974, y: 0.047695156, z: -0.026991716, w: 0.9984966}
  m_LocalPosition: {x: -0.45576108, y: -0.00000015497207, z: 0.0000001937151}
  m_LocalScale: {x: 1, y: 1, z: 1}
  m_Children:
  - {fileID: 4111666645236770}
  m_Father: {fileID: 4699423651146190}
  m_RootOrder: 0
  m_LocalEulerAnglesHint: {x: -0.3488223, y: 7.1226196, z: 8.315656}
--- !u!1 &1390216723749384
GameObject:
  m_ObjectHideFlags: 0
  m_CorrespondingSourceObject: {fileID: 0}
  m_PrefabInstance: {fileID: 0}
  m_PrefabAsset: {fileID: 0}
  serializedVersion: 6
  m_Component:
  - component: {fileID: 4773332404860032}
  m_Layer: 0
  m_Name: Bone016
  m_TagString: Untagged
  m_Icon: {fileID: 0}
  m_NavMeshLayer: 0
  m_StaticEditorFlags: 0
  m_IsActive: 1
--- !u!4 &4773332404860032
Transform:
  m_ObjectHideFlags: 0
  m_CorrespondingSourceObject: {fileID: 0}
  m_PrefabInstance: {fileID: 0}
  m_PrefabAsset: {fileID: 0}
  m_GameObject: {fileID: 1390216723749384}
  m_LocalRotation: {x: 0, y: -0, z: -0, w: 1}
  m_LocalPosition: {x: -0.44151598, y: 0.00000030994414, z: 0}
  m_LocalScale: {x: 1, y: 1.0000001, z: 1}
  m_Children: []
  m_Father: {fileID: 4091483115241716}
  m_RootOrder: 0
  m_LocalEulerAnglesHint: {x: 0, y: 0, z: 0}
--- !u!1 &1399541991983278
GameObject:
  m_ObjectHideFlags: 0
  m_CorrespondingSourceObject: {fileID: 0}
  m_PrefabInstance: {fileID: 0}
  m_PrefabAsset: {fileID: 0}
  serializedVersion: 6
  m_Component:
  - component: {fileID: 4891475153830416}
  m_Layer: 0
  m_Name: Bip001 L Thigh
  m_TagString: Untagged
  m_Icon: {fileID: 0}
  m_NavMeshLayer: 0
  m_StaticEditorFlags: 0
  m_IsActive: 1
--- !u!4 &4891475153830416
Transform:
  m_ObjectHideFlags: 0
  m_CorrespondingSourceObject: {fileID: 0}
  m_PrefabInstance: {fileID: 0}
  m_PrefabAsset: {fileID: 0}
  m_GameObject: {fileID: 1399541991983278}
  m_LocalRotation: {x: 0.8484589, y: -0.52366436, z: -0.075927556, w: 0.011322735}
  m_LocalPosition: {x: 0.18838568, y: 0.0039573666, z: 0.17408204}
  m_LocalScale: {x: 1, y: 1.0000001, z: 0.99999994}
  m_Children:
  - {fileID: 4784247991743204}
  m_Father: {fileID: 4329914927051718}
  m_RootOrder: 0
  m_LocalEulerAnglesHint: {x: -5.3240504, y: -173.32593, z: -108.83382}
--- !u!1 &1435734895250110
GameObject:
  m_ObjectHideFlags: 0
  m_CorrespondingSourceObject: {fileID: 0}
  m_PrefabInstance: {fileID: 0}
  m_PrefabAsset: {fileID: 0}
  serializedVersion: 6
  m_Component:
  - component: {fileID: 4933083077253004}
  m_Layer: 0
  m_Name: Bip001 L Finger0Nub
  m_TagString: Untagged
  m_Icon: {fileID: 0}
  m_NavMeshLayer: 0
  m_StaticEditorFlags: 0
  m_IsActive: 1
--- !u!4 &4933083077253004
Transform:
  m_ObjectHideFlags: 0
  m_CorrespondingSourceObject: {fileID: 0}
  m_PrefabInstance: {fileID: 0}
  m_PrefabAsset: {fileID: 0}
  m_GameObject: {fileID: 1435734895250110}
  m_LocalRotation: {x: 9.313226e-10, y: -0, z: -0, w: 1}
  m_LocalPosition: {x: -0.08800903, y: -0.000000038743018, z: 0}
  m_LocalScale: {x: 1, y: 1, z: 1}
  m_Children: []
  m_Father: {fileID: 4142988349962986}
  m_RootOrder: 0
  m_LocalEulerAnglesHint: {x: 2.4737644e-15, y: 0.00000016601152, z: -0.00000066404607}
--- !u!1 &1439596720391704
GameObject:
  m_ObjectHideFlags: 0
  m_CorrespondingSourceObject: {fileID: 0}
  m_PrefabInstance: {fileID: 0}
  m_PrefabAsset: {fileID: 0}
  serializedVersion: 6
  m_Component:
  - component: {fileID: 4713404177026018}
  m_Layer: 0
  m_Name: Bip001 L Clavicle
  m_TagString: Untagged
  m_Icon: {fileID: 0}
  m_NavMeshLayer: 0
  m_StaticEditorFlags: 0
  m_IsActive: 1
--- !u!4 &4713404177026018
Transform:
  m_ObjectHideFlags: 0
  m_CorrespondingSourceObject: {fileID: 0}
  m_PrefabInstance: {fileID: 0}
  m_PrefabAsset: {fileID: 0}
  m_GameObject: {fileID: 1439596720391704}
  m_LocalRotation: {x: -0.52508444, y: 0.23225984, z: 0.81783974, w: 0.03846902}
  m_LocalPosition: {x: 0.07278085, y: -0.06075951, z: 0.11645458}
  m_LocalScale: {x: 1, y: 1.0000001, z: 1}
  m_Children:
  - {fileID: 4588043956932480}
  m_Father: {fileID: 4052752603816400}
  m_RootOrder: 0
  m_LocalEulerAnglesHint: {x: 24.753138, y: -67.96643, z: -149.21417}
--- !u!1 &1442229278054564
GameObject:
  m_ObjectHideFlags: 0
  m_CorrespondingSourceObject: {fileID: 0}
  m_PrefabInstance: {fileID: 0}
  m_PrefabAsset: {fileID: 0}
  serializedVersion: 6
  m_Component:
  - component: {fileID: 4479005508181254}
  - component: {fileID: 33530928771853976}
  - component: {fileID: 23726082251499402}
  m_Layer: 0
  m_Name: circleRef
  m_TagString: Untagged
  m_Icon: {fileID: 0}
  m_NavMeshLayer: 0
  m_StaticEditorFlags: 0
  m_IsActive: 0
--- !u!4 &4479005508181254
Transform:
  m_ObjectHideFlags: 0
  m_CorrespondingSourceObject: {fileID: 0}
  m_PrefabInstance: {fileID: 0}
  m_PrefabAsset: {fileID: 0}
  m_GameObject: {fileID: 1442229278054564}
  m_LocalRotation: {x: -0, y: -0, z: -0, w: 1}
  m_LocalPosition: {x: 0, y: 0, z: -0.5}
  m_LocalScale: {x: 0.375, y: 1, z: 0.5}
  m_Children: []
  m_Father: {fileID: 4838504910096310}
  m_RootOrder: 3
  m_LocalEulerAnglesHint: {x: 0, y: 0, z: 0}
--- !u!33 &33530928771853976
MeshFilter:
  m_ObjectHideFlags: 0
  m_CorrespondingSourceObject: {fileID: 0}
  m_PrefabInstance: {fileID: 0}
  m_PrefabAsset: {fileID: 0}
  m_GameObject: {fileID: 1442229278054564}
  m_Mesh: {fileID: 10209, guid: 0000000000000000e000000000000000, type: 0}
--- !u!23 &23726082251499402
MeshRenderer:
  m_ObjectHideFlags: 0
  m_CorrespondingSourceObject: {fileID: 0}
  m_PrefabInstance: {fileID: 0}
  m_PrefabAsset: {fileID: 0}
  m_GameObject: {fileID: 1442229278054564}
  m_Enabled: 1
  m_CastShadows: 1
  m_ReceiveShadows: 1
  m_DynamicOccludee: 1
  m_MotionVectors: 1
  m_LightProbeUsage: 1
  m_ReflectionProbeUsage: 1
  m_RenderingLayerMask: 4294967295
  m_RendererPriority: 0
  m_Materials:
  - {fileID: 2100000, guid: 2bcc45b3f6e20a644aa589862793afd3, type: 2}
  m_StaticBatchInfo:
    firstSubMesh: 0
    subMeshCount: 0
  m_StaticBatchRoot: {fileID: 0}
  m_ProbeAnchor: {fileID: 0}
  m_LightProbeVolumeOverride: {fileID: 0}
  m_ScaleInLightmap: 1
  m_PreserveUVs: 0
  m_IgnoreNormalsForChartDetection: 0
  m_ImportantGI: 0
  m_StitchLightmapSeams: 0
  m_SelectedEditorRenderState: 3
  m_MinimumChartSize: 4
  m_AutoUVMaxDistance: 0.5
  m_AutoUVMaxAngle: 89
  m_LightmapParameters: {fileID: 0}
  m_SortingLayerID: 0
  m_SortingLayer: 0
  m_SortingOrder: 0
--- !u!1 &1447301009010102
GameObject:
  m_ObjectHideFlags: 0
  m_CorrespondingSourceObject: {fileID: 0}
  m_PrefabInstance: {fileID: 0}
  m_PrefabAsset: {fileID: 0}
  serializedVersion: 6
  m_Component:
  - component: {fileID: 4630724878973162}
  m_Layer: 0
  m_Name: bone_chibang_03
  m_TagString: Untagged
  m_Icon: {fileID: 0}
  m_NavMeshLayer: 0
  m_StaticEditorFlags: 0
  m_IsActive: 1
--- !u!4 &4630724878973162
Transform:
  m_ObjectHideFlags: 0
  m_CorrespondingSourceObject: {fileID: 0}
  m_PrefabInstance: {fileID: 0}
  m_PrefabAsset: {fileID: 0}
  m_GameObject: {fileID: 1447301009010102}
  m_LocalRotation: {x: -0.023076808, y: 0.04929743, z: 0.89999694, w: 0.43248442}
  m_LocalPosition: {x: -0.634872, y: -0.067325756, z: 0.01284734}
  m_LocalScale: {x: 1.0000001, y: 1.0000001, z: 1.0000002}
  m_Children:
  - {fileID: 4899420776207872}
  m_Father: {fileID: 4648463364155540}
  m_RootOrder: 0
  m_LocalEulerAnglesHint: {x: -9.335745, y: -1.2362463, z: 109.51427}
--- !u!1 &1453739485858790
GameObject:
  m_ObjectHideFlags: 0
  m_CorrespondingSourceObject: {fileID: 0}
  m_PrefabInstance: {fileID: 0}
  m_PrefabAsset: {fileID: 0}
  serializedVersion: 6
  m_Component:
  - component: {fileID: 4233581764935572}
  m_Layer: 0
  m_Name: Bip001 R Thigh
  m_TagString: Untagged
  m_Icon: {fileID: 0}
  m_NavMeshLayer: 0
  m_StaticEditorFlags: 0
  m_IsActive: 1
--- !u!4 &4233581764935572
Transform:
  m_ObjectHideFlags: 0
  m_CorrespondingSourceObject: {fileID: 0}
  m_PrefabInstance: {fileID: 0}
  m_PrefabAsset: {fileID: 0}
  m_GameObject: {fileID: 1453739485858790}
  m_LocalRotation: {x: -0.6146824, y: 0.77862364, z: -0.11266749, w: 0.056717753}
  m_LocalPosition: {x: 0.1883857, y: 0.0039584516, z: -0.17408209}
  m_LocalScale: {x: 1, y: 1.0000001, z: 1}
  m_Children:
  - {fileID: 4438063985059830}
  m_Father: {fileID: 4329914927051718}
  m_RootOrder: 1
  m_LocalEulerAnglesHint: {x: 9.195927, y: 168.47467, z: -72.72135}
--- !u!1 &1485783971099974
GameObject:
  m_ObjectHideFlags: 0
  m_CorrespondingSourceObject: {fileID: 0}
  m_PrefabInstance: {fileID: 0}
  m_PrefabAsset: {fileID: 0}
  serializedVersion: 6
  m_Component:
  - component: {fileID: 4376936806069888}
  m_Layer: 0
  m_Name: Bip001 HeadNub
  m_TagString: Untagged
  m_Icon: {fileID: 0}
  m_NavMeshLayer: 0
  m_StaticEditorFlags: 0
  m_IsActive: 1
--- !u!4 &4376936806069888
Transform:
  m_ObjectHideFlags: 0
  m_CorrespondingSourceObject: {fileID: 0}
  m_PrefabInstance: {fileID: 0}
  m_PrefabAsset: {fileID: 0}
  m_GameObject: {fileID: 1485783971099974}
  m_LocalRotation: {x: -1.4210855e-14, y: 7.105428e-14, z: 1.0097421e-27, w: 1}
  m_LocalPosition: {x: -0.20170437, y: 0, z: 1.4779288e-13}
  m_LocalScale: {x: 1, y: 1, z: 1}
  m_Children: []
  m_Father: {fileID: 4394377742573184}
  m_RootOrder: 0
  m_LocalEulerAnglesHint: {x: 2.5331347e-12, y: 2.5331347e-12, z: 0}
--- !u!1 &1508624964454360
GameObject:
  m_ObjectHideFlags: 0
  m_CorrespondingSourceObject: {fileID: 0}
  m_PrefabInstance: {fileID: 0}
  m_PrefabAsset: {fileID: 0}
  serializedVersion: 6
  m_Component:
  - component: {fileID: 4892655665771414}
  m_Layer: 0
  m_Name: Bip001 L HorseLink
  m_TagString: Untagged
  m_Icon: {fileID: 0}
  m_NavMeshLayer: 0
  m_StaticEditorFlags: 0
  m_IsActive: 1
--- !u!4 &4892655665771414
Transform:
  m_ObjectHideFlags: 0
  m_CorrespondingSourceObject: {fileID: 0}
  m_PrefabInstance: {fileID: 0}
  m_PrefabAsset: {fileID: 0}
  m_GameObject: {fileID: 1508624964454360}
  m_LocalRotation: {x: 0.000000010987036, y: 0.000000007740358, z: -0.65340865, w: 0.7570054}
  m_LocalPosition: {x: -0.23509836, y: 0, z: -0.000000058114527}
  m_LocalScale: {x: 0.99999976, y: 0.99999976, z: 0.99999994}
  m_Children:
  - {fileID: 4876467937366370}
  m_Father: {fileID: 4784247991743204}
  m_RootOrder: 0
  m_LocalEulerAnglesHint: {x: 0.0000006385103, y: -0.00000011711875, z: -90.93162}
--- !u!1 &1533777630104554
GameObject:
  m_ObjectHideFlags: 0
  m_CorrespondingSourceObject: {fileID: 0}
  m_PrefabInstance: {fileID: 0}
  m_PrefabAsset: {fileID: 0}
  serializedVersion: 6
  m_Component:
  - component: {fileID: 4688962696466672}
  m_Layer: 0
  m_Name: Bip001 L Hand
  m_TagString: Untagged
  m_Icon: {fileID: 0}
  m_NavMeshLayer: 0
  m_StaticEditorFlags: 0
  m_IsActive: 1
--- !u!4 &4688962696466672
Transform:
  m_ObjectHideFlags: 0
  m_CorrespondingSourceObject: {fileID: 0}
  m_PrefabInstance: {fileID: 0}
  m_PrefabAsset: {fileID: 0}
  m_GameObject: {fileID: 1533777630104554}
  m_LocalRotation: {x: 0.9925406, y: -0.099295214, z: 0.007120124, w: 0.07037738}
  m_LocalPosition: {x: -0.34000012, y: 0, z: -0.000000019371509}
  m_LocalScale: {x: 1.0000002, y: 1.0000002, z: 1.0000001}
  m_Children:
  - {fileID: 4142988349962986}
  - {fileID: 4793080581314430}
  m_Father: {fileID: 4984657892870610}
  m_RootOrder: 0
  m_LocalEulerAnglesHint: {x: 8.114756, y: -179.98338, z: 158.88293}
--- !u!1 &1539972765011158
GameObject:
  m_ObjectHideFlags: 0
  m_CorrespondingSourceObject: {fileID: 0}
  m_PrefabInstance: {fileID: 0}
  m_PrefabAsset: {fileID: 0}
  serializedVersion: 6
  m_Component:
  - component: {fileID: 4091483115241716}
  m_Layer: 0
  m_Name: bone_chibang_20
  m_TagString: Untagged
  m_Icon: {fileID: 0}
  m_NavMeshLayer: 0
  m_StaticEditorFlags: 0
  m_IsActive: 1
--- !u!4 &4091483115241716
Transform:
  m_ObjectHideFlags: 0
  m_CorrespondingSourceObject: {fileID: 0}
  m_PrefabInstance: {fileID: 0}
  m_PrefabAsset: {fileID: 0}
  m_GameObject: {fileID: 1539972765011158}
  m_LocalRotation: {x: 0.004566656, y: 0.025548015, z: -0.16667978, w: 0.9856695}
  m_LocalPosition: {x: -0.72873914, y: 0, z: 0.00000015497207}
  m_LocalScale: {x: 1.0000002, y: 1.0000002, z: 1}
  m_Children:
  - {fileID: 4773332404860032}
  m_Father: {fileID: 4154541004101470}
  m_RootOrder: 0
  m_LocalEulerAnglesHint: {x: 3.4533439, y: 8.646986, z: -23.349611}
--- !u!1 &1552609247098080
GameObject:
  m_ObjectHideFlags: 0
  m_CorrespondingSourceObject: {fileID: 0}
  m_PrefabInstance: {fileID: 0}
  m_PrefabAsset: {fileID: 0}
  serializedVersion: 6
  m_Component:
  - component: {fileID: 4091062575841064}
  m_Layer: 0
  m_Name: bone_chibang_05
  m_TagString: Untagged
  m_Icon: {fileID: 0}
  m_NavMeshLayer: 0
  m_StaticEditorFlags: 0
  m_IsActive: 1
--- !u!4 &4091062575841064
Transform:
  m_ObjectHideFlags: 0
  m_CorrespondingSourceObject: {fileID: 0}
  m_PrefabInstance: {fileID: 0}
  m_PrefabAsset: {fileID: 0}
  m_GameObject: {fileID: 1552609247098080}
  m_LocalRotation: {x: -0.0021042651, y: 0.014117544, z: 0.14354405, w: 0.989541}
  m_LocalPosition: {x: -0.43221563, y: -0.00000015497207, z: 0}
  m_LocalScale: {x: 0.9999997, y: 1, z: 1.0000002}
  m_Children:
  - {fileID: 4244793771856574}
  m_Father: {fileID: 4899420776207872}
  m_RootOrder: 0
  m_LocalEulerAnglesHint: {x: -0.7295937, y: 2.241781, z: 19.095028}
--- !u!1 &1562386210462738
GameObject:
  m_ObjectHideFlags: 0
  m_CorrespondingSourceObject: {fileID: 0}
  m_PrefabInstance: {fileID: 0}
  m_PrefabAsset: {fileID: 0}
  serializedVersion: 6
  m_Component:
  - component: {fileID: 4252372329603158}
  m_Layer: 0
  m_Name: bone_chibang_12
  m_TagString: Untagged
  m_Icon: {fileID: 0}
  m_NavMeshLayer: 0
  m_StaticEditorFlags: 0
  m_IsActive: 1
--- !u!4 &4252372329603158
Transform:
  m_ObjectHideFlags: 0
  m_CorrespondingSourceObject: {fileID: 0}
  m_PrefabInstance: {fileID: 0}
  m_PrefabAsset: {fileID: 0}
  m_GameObject: {fileID: 1562386210462738}
  m_LocalRotation: {x: -0.0045206095, y: 0.025289593, z: 0.16603509, w: 0.9857852}
  m_LocalPosition: {x: -0.7287387, y: 0, z: 0}
  m_LocalScale: {x: 0.99999994, y: 1, z: 0.99999994}
  m_Children:
  - {fileID: 4319491550015814}
  m_Father: {fileID: 4267274742918054}
  m_RootOrder: 0
  m_LocalEulerAnglesHint: {x: -4.4035482, y: 11.095746, z: 22.878242}
--- !u!1 &1569048038076876
GameObject:
  m_ObjectHideFlags: 0
  m_CorrespondingSourceObject: {fileID: 0}
  m_PrefabInstance: {fileID: 0}
  m_PrefabAsset: {fileID: 0}
  serializedVersion: 6
  m_Component:
  - component: {fileID: 4111666645236770}
  m_Layer: 0
  m_Name: Bone005
  m_TagString: Untagged
  m_Icon: {fileID: 0}
  m_NavMeshLayer: 0
  m_StaticEditorFlags: 0
  m_IsActive: 1
--- !u!4 &4111666645236770
Transform:
  m_ObjectHideFlags: 0
  m_CorrespondingSourceObject: {fileID: 0}
  m_PrefabInstance: {fileID: 0}
  m_PrefabAsset: {fileID: 0}
  m_GameObject: {fileID: 1569048038076876}
  m_LocalRotation: {x: 1.1911396e-22, y: 7.993604e-15, z: -0.000000014901158, w: 1}
  m_LocalPosition: {x: -0.48186117, y: 0, z: 0.000000043793914}
  m_LocalScale: {x: 1.0000002, y: 1.0000002, z: 1}
  m_Children: []
  m_Father: {fileID: 4586208495731532}
  m_RootOrder: 0
  m_LocalEulerAnglesHint: {x: 0, y: 0, z: 0}
--- !u!1 &1572886723686338
GameObject:
  m_ObjectHideFlags: 0
  m_CorrespondingSourceObject: {fileID: 0}
  m_PrefabInstance: {fileID: 0}
  m_PrefabAsset: {fileID: 0}
  serializedVersion: 6
  m_Component:
  - component: {fileID: 4567771026152418}
  m_Layer: 0
  m_Name: bone_chibang_08
  m_TagString: Untagged
  m_Icon: {fileID: 0}
  m_NavMeshLayer: 0
  m_StaticEditorFlags: 0
  m_IsActive: 1
--- !u!4 &4567771026152418
Transform:
  m_ObjectHideFlags: 0
  m_CorrespondingSourceObject: {fileID: 0}
  m_PrefabInstance: {fileID: 0}
  m_PrefabAsset: {fileID: 0}
  m_GameObject: {fileID: 1572886723686338}
  m_LocalRotation: {x: -0.016242707, y: 0.17503771, z: 0.09894837, w: 0.9794423}
  m_LocalPosition: {x: -0.6824942, y: -0.00000015497207, z: -0.0000004649162}
  m_LocalScale: {x: 1.0000002, y: 1.0000001, z: 1.0000004}
  m_Children:
  - {fileID: 4079020471971702}
  m_Father: {fileID: 4356265236039670}
  m_RootOrder: 0
  m_LocalEulerAnglesHint: {x: 2.822109, y: -6.2413955, z: 38.02262}
--- !u!1 &1578429158116098
GameObject:
  m_ObjectHideFlags: 0
  m_CorrespondingSourceObject: {fileID: 0}
  m_PrefabInstance: {fileID: 0}
  m_PrefabAsset: {fileID: 0}
  serializedVersion: 6
  m_Component:
  - component: {fileID: 4356265236039670}
  m_Layer: 0
  m_Name: bone_chibang_07
  m_TagString: Untagged
  m_Icon: {fileID: 0}
  m_NavMeshLayer: 0
  m_StaticEditorFlags: 0
  m_IsActive: 1
--- !u!4 &4356265236039670
Transform:
  m_ObjectHideFlags: 0
  m_CorrespondingSourceObject: {fileID: 0}
  m_PrefabInstance: {fileID: 0}
  m_PrefabAsset: {fileID: 0}
  m_GameObject: {fileID: 1578429158116098}
  m_LocalRotation: {x: -0.012574641, y: 0.09113171, z: 0.13926707, w: 0.9859724}
  m_LocalPosition: {x: -0.95302343, y: 0, z: 0.00000011622905}
  m_LocalScale: {x: 0.9999997, y: 0.99999994, z: 0.9999999}
  m_Children:
  - {fileID: 4567771026152418}
  m_Father: {fileID: 4198934768023986}
  m_RootOrder: 0
  m_LocalEulerAnglesHint: {x: 7.9272256, y: -15.048486, z: 42.844555}
--- !u!1 &1598568391218016
GameObject:
  m_ObjectHideFlags: 0
  m_CorrespondingSourceObject: {fileID: 0}
  m_PrefabInstance: {fileID: 0}
  m_PrefabAsset: {fileID: 0}
  serializedVersion: 6
  m_Component:
  - component: {fileID: 4414392225518832}
  m_Layer: 0
  m_Name: FL
  m_TagString: Untagged
  m_Icon: {fileID: 0}
  m_NavMeshLayer: 0
  m_StaticEditorFlags: 0
  m_IsActive: 1
--- !u!4 &4414392225518832
Transform:
  m_ObjectHideFlags: 0
  m_CorrespondingSourceObject: {fileID: 0}
  m_PrefabInstance: {fileID: 0}
  m_PrefabAsset: {fileID: 0}
  m_GameObject: {fileID: 1598568391218016}
  m_LocalRotation: {x: 0.00000022805767, y: -0.000000021420428, z: -0.000000014901159,
    w: 1}
  m_LocalPosition: {x: -0.000000029057263, y: 0.000000038743018, z: 0}
  m_LocalScale: {x: 0.99999976, y: 0.99999976, z: 0.9999998}
  m_Children: []
  m_Father: {fileID: 4876467937366370}
  m_RootOrder: 1
  m_LocalEulerAnglesHint: {x: 0, y: 0, z: 0}
--- !u!1 &1603148550842796
GameObject:
  m_ObjectHideFlags: 0
  m_CorrespondingSourceObject: {fileID: 0}
  m_PrefabInstance: {fileID: 0}
  m_PrefabAsset: {fileID: 0}
  serializedVersion: 6
  m_Component:
  - component: {fileID: 4295464531642680}
  m_Layer: 0
  m_Name: Bip001 R Toe0Nub
  m_TagString: Untagged
  m_Icon: {fileID: 0}
  m_NavMeshLayer: 0
  m_StaticEditorFlags: 0
  m_IsActive: 1
--- !u!4 &4295464531642680
Transform:
  m_ObjectHideFlags: 0
  m_CorrespondingSourceObject: {fileID: 0}
  m_PrefabInstance: {fileID: 0}
  m_PrefabAsset: {fileID: 0}
  m_GameObject: {fileID: 1603148550842796}
  m_LocalRotation: {x: 0, y: 0, z: 0.000000014901159, w: 1}
  m_LocalPosition: {x: -0.07951524, y: -0.000000019371509, z: 0}
  m_LocalScale: {x: 1.0000001, y: 1.0000001, z: 1}
  m_Children: []
  m_Father: {fileID: 4385343685099372}
  m_RootOrder: 0
  m_LocalEulerAnglesHint: {x: -0.00000049803464, y: 0.0000002490173, z: 0.0000013280921}
--- !u!1 &1640740346316960
GameObject:
  m_ObjectHideFlags: 0
  m_CorrespondingSourceObject: {fileID: 0}
  m_PrefabInstance: {fileID: 0}
  m_PrefabAsset: {fileID: 0}
  serializedVersion: 6
  m_Component:
  - component: {fileID: 4894766624113500}
  m_Layer: 0
  m_Name: bone_chibang_14
  m_TagString: Untagged
  m_Icon: {fileID: 0}
  m_NavMeshLayer: 0
  m_StaticEditorFlags: 0
  m_IsActive: 1
--- !u!4 &4894766624113500
Transform:
  m_ObjectHideFlags: 0
  m_CorrespondingSourceObject: {fileID: 0}
  m_PrefabInstance: {fileID: 0}
  m_PrefabAsset: {fileID: 0}
  m_GameObject: {fileID: 1640740346316960}
  m_LocalRotation: {x: 0.04411903, y: 0.04824601, z: -0.6741742, w: 0.73567325}
  m_LocalPosition: {x: -0.7326561, y: 0.00000030994414, z: 0.000000038743018}
  m_LocalScale: {x: 1.0000001, y: 1.0000001, z: 0.9999999}
  m_Children:
  - {fileID: 4562942689818208}
  - {fileID: 4090411549770848}
  m_Father: {fileID: 4249469914105128}
  m_RootOrder: 0
  m_LocalEulerAnglesHint: {x: 3.5864143, y: -1.7955817, z: -37.25064}
--- !u!1 &1643318231248354
GameObject:
  m_ObjectHideFlags: 0
  m_CorrespondingSourceObject: {fileID: 0}
  m_PrefabInstance: {fileID: 0}
  m_PrefabAsset: {fileID: 0}
  serializedVersion: 6
  m_Component:
  - component: {fileID: 4984657892870610}
  m_Layer: 0
  m_Name: Bip001 L Forearm
  m_TagString: Untagged
  m_Icon: {fileID: 0}
  m_NavMeshLayer: 0
  m_StaticEditorFlags: 0
  m_IsActive: 1
--- !u!4 &4984657892870610
Transform:
  m_ObjectHideFlags: 0
  m_CorrespondingSourceObject: {fileID: 0}
  m_PrefabInstance: {fileID: 0}
  m_PrefabAsset: {fileID: 0}
  m_GameObject: {fileID: 1643318231248354}
  m_LocalRotation: {x: 0.0000000043866577, y: -2.3671096e-10, z: 0.48353612, w: 0.8753244}
  m_LocalPosition: {x: -0.34050524, y: -0.000000077486035, z: 0}
  m_LocalScale: {x: 0.99999994, y: 1.0000001, z: 1}
  m_Children:
  - {fileID: 4688962696466672}
  m_Father: {fileID: 4588043956932480}
  m_RootOrder: 0
  m_LocalEulerAnglesHint: {x: -0.00000016221061, y: 0.00000017257544, z: 100.88556}
--- !u!1 &1648767289011330
GameObject:
  m_ObjectHideFlags: 0
  m_CorrespondingSourceObject: {fileID: 0}
  m_PrefabInstance: {fileID: 0}
  m_PrefabAsset: {fileID: 0}
  serializedVersion: 6
  m_Component:
  - component: {fileID: 4648463364155540}
  m_Layer: 0
  m_Name: bone_chibang_02
  m_TagString: Untagged
  m_Icon: {fileID: 0}
  m_NavMeshLayer: 0
  m_StaticEditorFlags: 0
  m_IsActive: 1
--- !u!4 &4648463364155540
Transform:
  m_ObjectHideFlags: 0
  m_CorrespondingSourceObject: {fileID: 0}
  m_PrefabInstance: {fileID: 0}
  m_PrefabAsset: {fileID: 0}
  m_GameObject: {fileID: 1648767289011330}
  m_LocalRotation: {x: 0.06378114, y: 0.059397724, z: -0.7290218, w: 0.6789191}
  m_LocalPosition: {x: -0.49516207, y: 0.00000015497207, z: -0.000000038743018}
  m_LocalScale: {x: 1.0000002, y: 0.9999998, z: 1}
  m_Children:
  - {fileID: 4630724878973162}
  - {fileID: 4198934768023986}
  m_Father: {fileID: 4702859181621822}
  m_RootOrder: 0
  m_LocalEulerAnglesHint: {x: 17.966915, y: -18.841448, z: -84.523796}
--- !u!1 &1649403148429012
GameObject:
  m_ObjectHideFlags: 0
  m_CorrespondingSourceObject: {fileID: 0}
  m_PrefabInstance: {fileID: 0}
  m_PrefabAsset: {fileID: 0}
  serializedVersion: 6
  m_Component:
  - component: {fileID: 4838504910096310}
  - component: {fileID: 95747767041708526}
  - component: {fileID: 54024708288586408}
  - component: {fileID: 65982564977922132}
  - component: {fileID: 195307588631783890}
  - component: {fileID: 114108530935927678}
  - component: {fileID: 114582356159980456}
  - component: {fileID: 537489730954783808}
  - component: {fileID: 8626825272826070479}
  - component: {fileID: 5600652837504457200}
  - component: {fileID: 5174708781969062125}
  - component: {fileID: 1505902966}
  - component: {fileID: 3349301349015137864}
  m_Layer: 0
  m_Name: WarFireDragon
  m_TagString: Enemy
  m_Icon: {fileID: 2974397684917235467, guid: 0000000000000000d000000000000000, type: 0}
  m_NavMeshLayer: 0
  m_StaticEditorFlags: 0
  m_IsActive: 1
--- !u!4 &4838504910096310
Transform:
  m_ObjectHideFlags: 0
  m_CorrespondingSourceObject: {fileID: 0}
  m_PrefabInstance: {fileID: 0}
  m_PrefabAsset: {fileID: 0}
  m_GameObject: {fileID: 1649403148429012}
  m_LocalRotation: {x: 0, y: 0, z: 0, w: 1}
  m_LocalPosition: {x: 10.3, y: 0, z: 13.3}
  m_LocalScale: {x: 1, y: 1, z: 1}
  m_Children:
  - {fileID: 4750630401514638}
  - {fileID: 4105068256351742}
  - {fileID: 4628715086583394}
  - {fileID: 4479005508181254}
  - {fileID: 1469008897789151135}
  m_Father: {fileID: 0}
  m_RootOrder: 0
  m_LocalEulerAnglesHint: {x: 0, y: 0, z: 0}
--- !u!95 &95747767041708526
Animator:
  serializedVersion: 3
  m_ObjectHideFlags: 0
  m_CorrespondingSourceObject: {fileID: 0}
  m_PrefabInstance: {fileID: 0}
  m_PrefabAsset: {fileID: 0}
  m_GameObject: {fileID: 1649403148429012}
  m_Enabled: 1
  m_Avatar: {fileID: 9000000, guid: f2b827a90437a9540b2109cf2323da75, type: 3}
  m_Controller: {fileID: 9100000, guid: 73dfe5d67d5ea42498251b6f04503308, type: 2}
  m_CullingMode: 1
  m_UpdateMode: 0
  m_ApplyRootMotion: 0
  m_LinearVelocityBlending: 0
  m_WarningMessage: 
  m_HasTransformHierarchy: 1
  m_AllowConstantClipSamplingOptimization: 1
  m_KeepAnimatorControllerStateOnDisable: 0
--- !u!54 &54024708288586408
Rigidbody:
  m_ObjectHideFlags: 0
  m_CorrespondingSourceObject: {fileID: 0}
  m_PrefabInstance: {fileID: 0}
  m_PrefabAsset: {fileID: 0}
  m_GameObject: {fileID: 1649403148429012}
  serializedVersion: 2
  m_Mass: 25
  m_Drag: 5
  m_AngularDrag: 0.05
  m_UseGravity: 1
  m_IsKinematic: 0
  m_Interpolate: 0
  m_Constraints: 116
  m_CollisionDetection: 0
--- !u!65 &65982564977922132
BoxCollider:
  m_ObjectHideFlags: 0
  m_CorrespondingSourceObject: {fileID: 0}
  m_PrefabInstance: {fileID: 0}
  m_PrefabAsset: {fileID: 0}
  m_GameObject: {fileID: 1649403148429012}
  m_Material: {fileID: 0}
  m_IsTrigger: 0
  m_Enabled: 1
  serializedVersion: 2
  m_Size: {x: 4, y: 2, z: 4}
  m_Center: {x: 0, y: 1.5, z: -0.75}
--- !u!195 &195307588631783890
NavMeshAgent:
  m_ObjectHideFlags: 0
  m_CorrespondingSourceObject: {fileID: 0}
  m_PrefabInstance: {fileID: 0}
  m_PrefabAsset: {fileID: 0}
  m_GameObject: {fileID: 1649403148429012}
  m_Enabled: 0
  m_AgentTypeID: 0
  m_Radius: 3.5
  m_Speed: 3.5
  m_Acceleration: 8
  avoidancePriority: 50
  m_AngularSpeed: 120
  m_StoppingDistance: 3
  m_AutoTraverseOffMeshLink: 1
  m_AutoBraking: 1
  m_AutoRepath: 1
  m_Height: 1
  m_BaseOffset: 0
  m_WalkableMask: 4294967295
  m_ObstacleAvoidanceType: 4
--- !u!114 &114108530935927678
MonoBehaviour:
  m_ObjectHideFlags: 0
  m_CorrespondingSourceObject: {fileID: 0}
  m_PrefabInstance: {fileID: 0}
  m_PrefabAsset: {fileID: 0}
  m_GameObject: {fileID: 1649403148429012}
  m_Enabled: 1
  m_EditorHideFlags: 0
  m_Script: {fileID: 11500000, guid: 382335c4fe129bf4484afa001cd7707b, type: 3}
  m_Name: 
  m_EditorClassIdentifier: 
--- !u!114 &114582356159980456
MonoBehaviour:
  m_ObjectHideFlags: 0
  m_CorrespondingSourceObject: {fileID: 0}
  m_PrefabInstance: {fileID: 0}
  m_PrefabAsset: {fileID: 0}
  m_GameObject: {fileID: 1649403148429012}
  m_Enabled: 1
  m_EditorHideFlags: 0
  m_Script: {fileID: 11500000, guid: dbf9db670c1df4bb2843b82560ce5409, type: 3}
  m_Name: 
  m_EditorClassIdentifier: 
  icon: {fileID: 21300000, guid: 5b47ca1209db34047b14f65d2db913e4, type: 3}
  size: {x: 20, y: 20}
  rotateWithObject: 1
  upAxis: {x: 0, y: 1, z: 0}
  initialIconRotation: 45
  clampIconInBorder: 1
  clampDistance: 100
--- !u!114 &537489730954783808
MonoBehaviour:
  m_ObjectHideFlags: 0
  m_CorrespondingSourceObject: {fileID: 0}
  m_PrefabInstance: {fileID: 0}
  m_PrefabAsset: {fileID: 0}
  m_GameObject: {fileID: 1649403148429012}
  m_Enabled: 1
  m_EditorHideFlags: 0
  m_Script: {fileID: 11500000, guid: f85e79ef0c0f21b4e88703e8e47a6a34, type: 3}
  m_Name: 
  m_EditorClassIdentifier: 
--- !u!114 &8626825272826070479
MonoBehaviour:
  m_ObjectHideFlags: 0
  m_CorrespondingSourceObject: {fileID: 0}
  m_PrefabInstance: {fileID: 0}
  m_PrefabAsset: {fileID: 0}
  m_GameObject: {fileID: 1649403148429012}
  m_Enabled: 1
  m_EditorHideFlags: 0
  m_Script: {fileID: 11500000, guid: a47366e4e00418141b0deb84ff5928bb, type: 3}
  m_Name: 
  m_EditorClassIdentifier: 
  movement: {fileID: 0}
--- !u!114 &5600652837504457200
MonoBehaviour:
  m_ObjectHideFlags: 0
  m_CorrespondingSourceObject: {fileID: 0}
  m_PrefabInstance: {fileID: 0}
  m_PrefabAsset: {fileID: 0}
  m_GameObject: {fileID: 1649403148429012}
  m_Enabled: 1
  m_EditorHideFlags: 0
  m_Script: {fileID: 11500000, guid: aaf2b746cbc513f4ba8aeaf2fce873e4, type: 3}
  m_Name: 
  m_EditorClassIdentifier: 
  id: 0
  enemyName: 
  beingState: 
  attack: 0
--- !u!114 &5174708781969062125
MonoBehaviour:
  m_ObjectHideFlags: 0
  m_CorrespondingSourceObject: {fileID: 0}
  m_PrefabInstance: {fileID: 0}
  m_PrefabAsset: {fileID: 0}
  m_GameObject: {fileID: 1649403148429012}
  m_Enabled: 1
  m_EditorHideFlags: 0
  m_Script: {fileID: 11500000, guid: 4264c47d507640d4cae3298318e56455, type: 3}
  m_Name: 
  m_EditorClassIdentifier: 
--- !u!114 &1505902966
MonoBehaviour:
  m_ObjectHideFlags: 0
  m_CorrespondingSourceObject: {fileID: 0}
  m_PrefabInstance: {fileID: 0}
  m_PrefabAsset: {fileID: 0}
  m_GameObject: {fileID: 1649403148429012}
  m_Enabled: 1
  m_EditorHideFlags: 0
  m_Script: {fileID: 11500000, guid: c14645634c93cbb4a868ff3afc572ef5, type: 3}
  m_Name: 
  m_EditorClassIdentifier: 
  manaRegen: 0
  manaRegenSpeed: 8
--- !u!82 &3349301349015137864
AudioSource:
  m_ObjectHideFlags: 0
  m_CorrespondingSourceObject: {fileID: 0}
  m_PrefabInstance: {fileID: 0}
  m_PrefabAsset: {fileID: 0}
  m_GameObject: {fileID: 1649403148429012}
  m_Enabled: 1
  serializedVersion: 4
  OutputAudioMixerGroup: {fileID: 0}
  m_audioClip: {fileID: 0}
  m_PlayOnAwake: 1
  m_Volume: 0.75
  m_Pitch: 1
  Loop: 0
  Mute: 0
  Spatialize: 0
  SpatializePostEffects: 0
  Priority: 200
  DopplerLevel: 1
  MinDistance: 1
  MaxDistance: 500
  Pan2D: 0
  rolloffMode: 0
  BypassEffects: 0
  BypassListenerEffects: 0
  BypassReverbZones: 0
  rolloffCustomCurve:
    serializedVersion: 2
    m_Curve:
    - serializedVersion: 3
      time: 0
      value: 1
      inSlope: 0
      outSlope: 0
      tangentMode: 0
      weightedMode: 0
      inWeight: 0.33333334
      outWeight: 0.33333334
    - serializedVersion: 3
      time: 1
      value: 0
      inSlope: 0
      outSlope: 0
      tangentMode: 0
      weightedMode: 0
      inWeight: 0.33333334
      outWeight: 0.33333334
    m_PreInfinity: 2
    m_PostInfinity: 2
    m_RotationOrder: 4
  panLevelCustomCurve:
    serializedVersion: 2
    m_Curve:
    - serializedVersion: 3
      time: 0
      value: 0
      inSlope: 0
      outSlope: 0
      tangentMode: 0
      weightedMode: 0
      inWeight: 0.33333334
      outWeight: 0.33333334
    m_PreInfinity: 2
    m_PostInfinity: 2
    m_RotationOrder: 4
  spreadCustomCurve:
    serializedVersion: 2
    m_Curve:
    - serializedVersion: 3
      time: 0
      value: 0
      inSlope: 0
      outSlope: 0
      tangentMode: 0
      weightedMode: 0
      inWeight: 0.33333334
      outWeight: 0.33333334
    m_PreInfinity: 2
    m_PostInfinity: 2
    m_RotationOrder: 4
  reverbZoneMixCustomCurve:
    serializedVersion: 2
    m_Curve:
    - serializedVersion: 3
      time: 0
      value: 1
      inSlope: 0
      outSlope: 0
      tangentMode: 0
      weightedMode: 0
      inWeight: 0.33333334
      outWeight: 0.33333334
    m_PreInfinity: 2
    m_PostInfinity: 2
    m_RotationOrder: 4
--- !u!1 &1655493756789640
GameObject:
  m_ObjectHideFlags: 0
  m_CorrespondingSourceObject: {fileID: 0}
  m_PrefabInstance: {fileID: 0}
  m_PrefabAsset: {fileID: 0}
  serializedVersion: 6
  m_Component:
  - component: {fileID: 4047578927987496}
  m_Layer: 0
  m_Name: bone_chibang_17
  m_TagString: Untagged
  m_Icon: {fileID: 0}
  m_NavMeshLayer: 0
  m_StaticEditorFlags: 0
  m_IsActive: 1
--- !u!4 &4047578927987496
Transform:
  m_ObjectHideFlags: 0
  m_CorrespondingSourceObject: {fileID: 0}
  m_PrefabInstance: {fileID: 0}
  m_PrefabAsset: {fileID: 0}
  m_GameObject: {fileID: 1655493756789640}
  m_LocalRotation: {x: -0.0053288355, y: -0.0606571, z: -0.24362467, w: 0.9679563}
  m_LocalPosition: {x: -0.61116457, y: -0.00000015497207, z: 0}
  m_LocalScale: {x: 0.9999997, y: 0.9999997, z: 0.9999999}
  m_Children:
  - {fileID: 4985799352492194}
  m_Father: {fileID: 4044020564808782}
  m_RootOrder: 0
  m_LocalEulerAnglesHint: {x: 0.17638068, y: -2.7074711, z: -31.562431}
--- !u!1 &1682903070758116
GameObject:
  m_ObjectHideFlags: 0
  m_CorrespondingSourceObject: {fileID: 0}
  m_PrefabInstance: {fileID: 0}
  m_PrefabAsset: {fileID: 0}
  serializedVersion: 6
  m_Component:
  - component: {fileID: 4628715086583394}
  - component: {fileID: 23952639393722904}
  - component: {fileID: 102193922578590674}
  - component: {fileID: 616090840856785479}
  m_Layer: 0
  m_Name: Health Text
  m_TagString: Untagged
  m_Icon: {fileID: 0}
  m_NavMeshLayer: 0
  m_StaticEditorFlags: 0
  m_IsActive: 1
--- !u!4 &4628715086583394
Transform:
  m_ObjectHideFlags: 0
  m_CorrespondingSourceObject: {fileID: 0}
  m_PrefabInstance: {fileID: 0}
  m_PrefabAsset: {fileID: 0}
  m_GameObject: {fileID: 1682903070758116}
  m_LocalRotation: {x: 0, y: 0, z: 0, w: 1}
  m_LocalPosition: {x: 0, y: 3, z: 0}
  m_LocalScale: {x: 1, y: 1, z: 1}
  m_Children: []
  m_Father: {fileID: 4838504910096310}
  m_RootOrder: 2
  m_LocalEulerAnglesHint: {x: 0, y: 0, z: 0}
--- !u!23 &23952639393722904
MeshRenderer:
  m_ObjectHideFlags: 0
  m_CorrespondingSourceObject: {fileID: 0}
  m_PrefabInstance: {fileID: 0}
  m_PrefabAsset: {fileID: 0}
  m_GameObject: {fileID: 1682903070758116}
  m_Enabled: 1
  m_CastShadows: 1
  m_ReceiveShadows: 1
  m_DynamicOccludee: 1
  m_MotionVectors: 1
  m_LightProbeUsage: 1
  m_ReflectionProbeUsage: 1
  m_RenderingLayerMask: 4294967295
  m_RendererPriority: 0
  m_Materials:
  - {fileID: 2100000, guid: 9fdf8935de5402e4c86e2d1c67f13e74, type: 3}
  m_StaticBatchInfo:
    firstSubMesh: 0
    subMeshCount: 0
  m_StaticBatchRoot: {fileID: 0}
  m_ProbeAnchor: {fileID: 0}
  m_LightProbeVolumeOverride: {fileID: 0}
  m_ScaleInLightmap: 1
  m_PreserveUVs: 0
  m_IgnoreNormalsForChartDetection: 0
  m_ImportantGI: 0
  m_StitchLightmapSeams: 0
  m_SelectedEditorRenderState: 3
  m_MinimumChartSize: 4
  m_AutoUVMaxDistance: 0.5
  m_AutoUVMaxAngle: 89
  m_LightmapParameters: {fileID: 0}
  m_SortingLayerID: 0
  m_SortingLayer: 0
  m_SortingOrder: 0
--- !u!102 &102193922578590674
TextMesh:
  serializedVersion: 3
  m_ObjectHideFlags: 0
  m_CorrespondingSourceObject: {fileID: 0}
  m_PrefabInstance: {fileID: 0}
  m_PrefabAsset: {fileID: 0}
  m_GameObject: {fileID: 1682903070758116}
  m_Text: Dragon Mother
  m_OffsetZ: 0
  m_CharacterSize: 0.03
  m_LineSpacing: 1
  m_Anchor: 7
  m_Alignment: 1
  m_TabSize: 4
  m_FontSize: 500
  m_FontStyle: 0
  m_RichText: 1
  m_Font: {fileID: 12800000, guid: 9fdf8935de5402e4c86e2d1c67f13e74, type: 3}
  m_Color:
    serializedVersion: 2
    rgba: 4294967295
--- !u!114 &616090840856785479
MonoBehaviour:
  m_ObjectHideFlags: 0
  m_CorrespondingSourceObject: {fileID: 0}
  m_PrefabInstance: {fileID: 0}
  m_PrefabAsset: {fileID: 0}
  m_GameObject: {fileID: 1682903070758116}
  m_Enabled: 1
  m_EditorHideFlags: 0
  m_Script: {fileID: 11500000, guid: db7fc12a49f76c84889bacca896187ab, type: 3}
  m_Name: 
  m_EditorClassIdentifier: 
--- !u!1 &1688793862353588
GameObject:
  m_ObjectHideFlags: 0
  m_CorrespondingSourceObject: {fileID: 0}
  m_PrefabInstance: {fileID: 0}
  m_PrefabAsset: {fileID: 0}
  serializedVersion: 6
  m_Component:
  - component: {fileID: 4385343685099372}
  m_Layer: 0
  m_Name: Bip001 R Toe0
  m_TagString: Untagged
  m_Icon: {fileID: 0}
  m_NavMeshLayer: 0
  m_StaticEditorFlags: 0
  m_IsActive: 1
--- !u!4 &4385343685099372
Transform:
  m_ObjectHideFlags: 0
  m_CorrespondingSourceObject: {fileID: 0}
  m_PrefabInstance: {fileID: 0}
  m_PrefabAsset: {fileID: 0}
  m_GameObject: {fileID: 1688793862353588}
  m_LocalRotation: {x: -0.000000012907197, y: 0.000000016789414, z: -0.6129157, w: 0.7901483}
  m_LocalPosition: {x: -0.083551876, y: 0.113057084, z: 0.000000019371509}
  m_LocalScale: {x: 1, y: 1, z: 1}
  m_Children:
  - {fileID: 4295464531642680}
  m_Father: {fileID: 4172931009573050}
  m_RootOrder: 0
  m_LocalEulerAnglesHint: {x: -0.00000082621386, y: 0.0000017160803, z: -75.60125}
--- !u!1 &1737972277242528
GameObject:
  m_ObjectHideFlags: 0
  m_CorrespondingSourceObject: {fileID: 0}
  m_PrefabInstance: {fileID: 0}
  m_PrefabAsset: {fileID: 0}
  serializedVersion: 6
  m_Component:
  - component: {fileID: 4267274742918054}
  m_Layer: 0
  m_Name: bone_chibang_11
  m_TagString: Untagged
  m_Icon: {fileID: 0}
  m_NavMeshLayer: 0
  m_StaticEditorFlags: 0
  m_IsActive: 1
--- !u!4 &4267274742918054
Transform:
  m_ObjectHideFlags: 0
  m_CorrespondingSourceObject: {fileID: 0}
  m_PrefabInstance: {fileID: 0}
  m_PrefabAsset: {fileID: 0}
  m_GameObject: {fileID: 1737972277242528}
  m_LocalRotation: {x: -0.0038837646, y: 0.02116181, z: 0.15662457, w: 0.9874239}
  m_LocalPosition: {x: -0.84151375, y: 0.00000030994414, z: -0.000000077486035}
  m_LocalScale: {x: 1.0000001, y: 1, z: 1.0000001}
  m_Children:
  - {fileID: 4252372329603158}
  m_Father: {fileID: 4726687584768706}
  m_RootOrder: 0
  m_LocalEulerAnglesHint: {x: 4.7093697, y: -12.461955, z: 47.959053}
--- !u!1 &1746543172291226
GameObject:
  m_ObjectHideFlags: 0
  m_CorrespondingSourceObject: {fileID: 0}
  m_PrefabInstance: {fileID: 0}
  m_PrefabAsset: {fileID: 0}
  serializedVersion: 6
  m_Component:
  - component: {fileID: 4244793771856574}
  m_Layer: 0
  m_Name: Bone020(mirrored)
  m_TagString: Untagged
  m_Icon: {fileID: 0}
  m_NavMeshLayer: 0
  m_StaticEditorFlags: 0
  m_IsActive: 1
--- !u!4 &4244793771856574
Transform:
  m_ObjectHideFlags: 0
  m_CorrespondingSourceObject: {fileID: 0}
  m_PrefabInstance: {fileID: 0}
  m_PrefabAsset: {fileID: 0}
  m_GameObject: {fileID: 1746543172291226}
  m_LocalRotation: {x: -0.0000000149011585, y: -0.000000029802333, z: 0.0000002533198,
    w: 1}
  m_LocalPosition: {x: -0.24348576, y: 0.00000030994414, z: -0.000000038743018}
  m_LocalScale: {x: 0.9999998, y: 0.99999964, z: 0.99999976}
  m_Children: []
  m_Father: {fileID: 4091062575841064}
  m_RootOrder: 0
  m_LocalEulerAnglesHint: {x: 0, y: 0, z: 0}
--- !u!1 &1760534124175116
GameObject:
  m_ObjectHideFlags: 0
  m_CorrespondingSourceObject: {fileID: 0}
  m_PrefabInstance: {fileID: 0}
  m_PrefabAsset: {fileID: 0}
  serializedVersion: 6
  m_Component:
  - component: {fileID: 4493269951166218}
  m_Layer: 0
  m_Name: Bip001 R Forearm
  m_TagString: Untagged
  m_Icon: {fileID: 0}
  m_NavMeshLayer: 0
  m_StaticEditorFlags: 0
  m_IsActive: 1
--- !u!4 &4493269951166218
Transform:
  m_ObjectHideFlags: 0
  m_CorrespondingSourceObject: {fileID: 0}
  m_PrefabInstance: {fileID: 0}
  m_PrefabAsset: {fileID: 0}
  m_GameObject: {fileID: 1760534124175116}
  m_LocalRotation: {x: -0.000000006880817, y: 0.0000000030054754, z: 0.5970634, w: 0.802194}
  m_LocalPosition: {x: -0.34050503, y: 0.000000077486035, z: 0}
  m_LocalScale: {x: 1.0000001, y: 1.0000001, z: 1}
  m_Children:
  - {fileID: 4974102328344618}
  m_Father: {fileID: 4501384450378756}
  m_RootOrder: 0
  m_LocalEulerAnglesHint: {x: 0.00000025325375, y: 0.0000004045405, z: 121.38722}
--- !u!1 &1770640318250528
GameObject:
  m_ObjectHideFlags: 0
  m_CorrespondingSourceObject: {fileID: 0}
  m_PrefabInstance: {fileID: 0}
  m_PrefabAsset: {fileID: 0}
  serializedVersion: 6
  m_Component:
  - component: {fileID: 4664066962209032}
  m_Layer: 0
  m_Name: bone_chibang_01
  m_TagString: Untagged
  m_Icon: {fileID: 0}
  m_NavMeshLayer: 0
  m_StaticEditorFlags: 0
  m_IsActive: 1
--- !u!4 &4664066962209032
Transform:
  m_ObjectHideFlags: 0
  m_CorrespondingSourceObject: {fileID: 0}
  m_PrefabInstance: {fileID: 0}
  m_PrefabAsset: {fileID: 0}
  m_GameObject: {fileID: 1770640318250528}
  m_LocalRotation: {x: -0.34980962, y: -0.61725944, z: 0.7007876, w: -0.074301824}
  m_LocalPosition: {x: -0.15825726, y: -0.19293062, z: 0.20001301}
  m_LocalScale: {x: 0.99999994, y: 1.0000001, z: 1}
  m_Children:
  - {fileID: 4249469914105128}
  m_Father: {fileID: 4267869279711594}
  m_RootOrder: 2
  m_LocalEulerAnglesHint: {x: 34.904804, y: -164.31677, z: 58.136127}
--- !u!1 &1772394673524606
GameObject:
  m_ObjectHideFlags: 0
  m_CorrespondingSourceObject: {fileID: 0}
  m_PrefabInstance: {fileID: 0}
  m_PrefabAsset: {fileID: 0}
  serializedVersion: 6
  m_Component:
  - component: {fileID: 4876467937366370}
  m_Layer: 0
  m_Name: Bip001 L Foot
  m_TagString: Untagged
  m_Icon: {fileID: 0}
  m_NavMeshLayer: 0
  m_StaticEditorFlags: 0
  m_IsActive: 1
--- !u!4 &4876467937366370
Transform:
  m_ObjectHideFlags: 0
  m_CorrespondingSourceObject: {fileID: 0}
  m_PrefabInstance: {fileID: 0}
  m_PrefabAsset: {fileID: 0}
  m_GameObject: {fileID: 1772394673524606}
  m_LocalRotation: {x: -0.0015119036, y: 0.0053478633, z: 0.5787071, w: 0.81551653}
  m_LocalPosition: {x: -0.11159887, y: -0.000000019371509, z: -0.000000038743018}
  m_LocalScale: {x: 0.9999999, y: 1, z: 1.0000001}
  m_Children:
  - {fileID: 4147127881686554}
  - {fileID: 4414392225518832}
  m_Father: {fileID: 4892655665771414}
  m_RootOrder: 0
  m_LocalEulerAnglesHint: {x: -0.55312955, y: 0.54296064, z: 49.47001}
--- !u!1 &1789530759922026
GameObject:
  m_ObjectHideFlags: 0
  m_CorrespondingSourceObject: {fileID: 0}
  m_PrefabInstance: {fileID: 0}
  m_PrefabAsset: {fileID: 0}
  serializedVersion: 6
  m_Component:
  - component: {fileID: 4702859181621822}
  m_Layer: 0
  m_Name: bone_chibang_00
  m_TagString: Untagged
  m_Icon: {fileID: 0}
  m_NavMeshLayer: 0
  m_StaticEditorFlags: 0
  m_IsActive: 1
--- !u!4 &4702859181621822
Transform:
  m_ObjectHideFlags: 0
  m_CorrespondingSourceObject: {fileID: 0}
  m_PrefabInstance: {fileID: 0}
  m_PrefabAsset: {fileID: 0}
  m_GameObject: {fileID: 1789530759922026}
  m_LocalRotation: {x: -0.08949014, y: 0.673197, z: -0.6472389, w: -0.34623584}
  m_LocalPosition: {x: -0.15825742, y: -0.19293007, z: -0.19525456}
  m_LocalScale: {x: 1, y: 0.99999994, z: 1}
  m_Children:
  - {fileID: 4648463364155540}
  m_Father: {fileID: 4267869279711594}
  m_RootOrder: 1
  m_LocalEulerAnglesHint: {x: 38.32916, y: -24.122885, z: 118.56159}
--- !u!1 &1793078517407142
GameObject:
  m_ObjectHideFlags: 0
  m_CorrespondingSourceObject: {fileID: 0}
  m_PrefabInstance: {fileID: 0}
  m_PrefabAsset: {fileID: 0}
  serializedVersion: 6
  m_Component:
  - component: {fileID: 4060192513482734}
  m_Layer: 0
  m_Name: bone_weiba_01
  m_TagString: Untagged
  m_Icon: {fileID: 0}
  m_NavMeshLayer: 0
  m_StaticEditorFlags: 0
  m_IsActive: 1
--- !u!4 &4060192513482734
Transform:
  m_ObjectHideFlags: 0
  m_CorrespondingSourceObject: {fileID: 0}
  m_PrefabInstance: {fileID: 0}
  m_PrefabAsset: {fileID: 0}
  m_GameObject: {fileID: 1793078517407142}
  m_LocalRotation: {x: -0.005519609, y: 0.034025352, z: 0.134881, w: 0.9902621}
  m_LocalPosition: {x: -0.5058746, y: 0, z: 0.000000058114527}
  m_LocalScale: {x: 1.0000001, y: 1.0000001, z: 1}
  m_Children:
  - {fileID: 4699423651146190}
  m_Father: {fileID: 4101571376035912}
  m_RootOrder: 0
  m_LocalEulerAnglesHint: {x: 0.19479464, y: -4.865734, z: -13.846889}
--- !u!1 &1795920109821368
GameObject:
  m_ObjectHideFlags: 0
  m_CorrespondingSourceObject: {fileID: 0}
  m_PrefabInstance: {fileID: 0}
  m_PrefabAsset: {fileID: 0}
  serializedVersion: 6
  m_Component:
  - component: {fileID: 4656346653919780}
  m_Layer: 0
  m_Name: bone_chibang_22
  m_TagString: Untagged
  m_Icon: {fileID: 0}
  m_NavMeshLayer: 0
  m_StaticEditorFlags: 0
  m_IsActive: 1
--- !u!4 &4656346653919780
Transform:
  m_ObjectHideFlags: 0
  m_CorrespondingSourceObject: {fileID: 0}
  m_PrefabInstance: {fileID: 0}
  m_PrefabAsset: {fileID: 0}
  m_GameObject: {fileID: 1795920109821368}
  m_LocalRotation: {x: 0.008762174, y: 0.06714125, z: -0.13563459, w: 0.9884425}
  m_LocalPosition: {x: -0.6676884, y: 0.0000023245811, z: 0.00000015497207}
  m_LocalScale: {x: 1, y: 1.0000001, z: 1.0000001}
  m_Children:
  - {fileID: 4493922203277394}
  m_Father: {fileID: 4456293788811346}
  m_RootOrder: 0
  m_LocalEulerAnglesHint: {x: 3.2351272, y: 12.898934, z: -13.181194}
--- !u!1 &1813683639743914
GameObject:
  m_ObjectHideFlags: 0
  m_CorrespondingSourceObject: {fileID: 0}
  m_PrefabInstance: {fileID: 0}
  m_PrefabAsset: {fileID: 0}
  serializedVersion: 6
  m_Component:
  - component: {fileID: 4509073653498480}
  m_Layer: 0
  m_Name: S
  m_TagString: Untagged
  m_Icon: {fileID: 0}
  m_NavMeshLayer: 0
  m_StaticEditorFlags: 0
  m_IsActive: 1
--- !u!4 &4509073653498480
Transform:
  m_ObjectHideFlags: 0
  m_CorrespondingSourceObject: {fileID: 0}
  m_PrefabInstance: {fileID: 0}
  m_PrefabAsset: {fileID: 0}
  m_GameObject: {fileID: 1813683639743914}
  m_LocalRotation: {x: 0, y: 1.4210855e-14, z: -0, w: 1}
  m_LocalPosition: {x: -0.25776833, y: 0.20554744, z: 0.00000038743008}
  m_LocalScale: {x: 1, y: 1, z: 1}
  m_Children: []
  m_Father: {fileID: 4267869279711594}
  m_RootOrder: 3
  m_LocalEulerAnglesHint: {x: 0, y: 0, z: 0}
--- !u!1 &1819661203963690
GameObject:
  m_ObjectHideFlags: 0
  m_CorrespondingSourceObject: {fileID: 0}
  m_PrefabInstance: {fileID: 0}
  m_PrefabAsset: {fileID: 0}
  serializedVersion: 6
  m_Component:
  - component: {fileID: 4647989812233374}
  m_Layer: 0
  m_Name: Bip001 R Clavicle
  m_TagString: Untagged
  m_Icon: {fileID: 0}
  m_NavMeshLayer: 0
  m_StaticEditorFlags: 0
  m_IsActive: 1
--- !u!4 &4647989812233374
Transform:
  m_ObjectHideFlags: 0
  m_CorrespondingSourceObject: {fileID: 0}
  m_PrefabInstance: {fileID: 0}
  m_PrefabAsset: {fileID: 0}
  m_GameObject: {fileID: 1819661203963690}
  m_LocalRotation: {x: 0.525085, y: -0.23226197, z: 0.81783885, w: 0.03846769}
  m_LocalPosition: {x: 0.07278062, y: -0.060758892, z: -0.11645502}
  m_LocalScale: {x: 1.0000001, y: 1, z: 1.0000001}
  m_Children:
  - {fileID: 4501384450378756}
  m_Father: {fileID: 4052752603816400}
  m_RootOrder: 2
  m_LocalEulerAnglesHint: {x: -24.75303, y: 67.96634, z: -149.2139}
--- !u!1 &1822323201940092
GameObject:
  m_ObjectHideFlags: 0
  m_CorrespondingSourceObject: {fileID: 0}
  m_PrefabInstance: {fileID: 0}
  m_PrefabAsset: {fileID: 0}
  serializedVersion: 6
  m_Component:
  - component: {fileID: 4044020564808782}
  m_Layer: 0
  m_Name: bone_chibang_16
  m_TagString: Untagged
  m_Icon: {fileID: 0}
  m_NavMeshLayer: 0
  m_StaticEditorFlags: 0
  m_IsActive: 1
--- !u!4 &4044020564808782
Transform:
  m_ObjectHideFlags: 0
  m_CorrespondingSourceObject: {fileID: 0}
  m_PrefabInstance: {fileID: 0}
  m_PrefabAsset: {fileID: 0}
  m_GameObject: {fileID: 1822323201940092}
  m_LocalRotation: {x: 0.016243353, y: 0.1750423, z: -0.10098033, w: 0.97923404}
  m_LocalPosition: {x: -0.6824942, y: -0.00000015497207, z: 0}
  m_LocalScale: {x: 1, y: 0.99999994, z: 1}
  m_Children:
  - {fileID: 4047578927987496}
  m_Father: {fileID: 4562942689818208}
  m_RootOrder: 0
  m_LocalEulerAnglesHint: {x: -2.6750612, y: -5.766516, z: -39.13919}
--- !u!1 &1825444285922206
GameObject:
  m_ObjectHideFlags: 0
  m_CorrespondingSourceObject: {fileID: 0}
  m_PrefabInstance: {fileID: 0}
  m_PrefabAsset: {fileID: 0}
  serializedVersion: 6
  m_Component:
  - component: {fileID: 4726687584768706}
  m_Layer: 0
  m_Name: bone_chibang_10
  m_TagString: Untagged
  m_Icon: {fileID: 0}
  m_NavMeshLayer: 0
  m_StaticEditorFlags: 0
  m_IsActive: 1
--- !u!4 &4726687584768706
Transform:
  m_ObjectHideFlags: 0
  m_CorrespondingSourceObject: {fileID: 0}
  m_PrefabInstance: {fileID: 0}
  m_PrefabAsset: {fileID: 0}
  m_GameObject: {fileID: 1825444285922206}
  m_LocalRotation: {x: -0.03032965, y: 0.07658369, z: 0.17548555, w: 0.98103005}
  m_LocalPosition: {x: -0.08167175, y: -0.09603247, z: -0.020682069}
  m_LocalScale: {x: 0.99999994, y: 0.9999998, z: 0.9999999}
  m_Children:
  - {fileID: 4267274742918054}
  m_Father: {fileID: 4198934768023986}
  m_RootOrder: 1
  m_LocalEulerAnglesHint: {x: 0.59086674, y: -4.750702, z: 32.321285}
--- !u!1 &1832778997951358
GameObject:
  m_ObjectHideFlags: 0
  m_CorrespondingSourceObject: {fileID: 0}
  m_PrefabInstance: {fileID: 0}
  m_PrefabAsset: {fileID: 0}
  serializedVersion: 6
  m_Component:
  - component: {fileID: 4394377742573184}
  m_Layer: 0
  m_Name: Bip001 Head
  m_TagString: Untagged
  m_Icon: {fileID: 0}
  m_NavMeshLayer: 0
  m_StaticEditorFlags: 0
  m_IsActive: 1
--- !u!4 &4394377742573184
Transform:
  m_ObjectHideFlags: 0
  m_CorrespondingSourceObject: {fileID: 0}
  m_PrefabInstance: {fileID: 0}
  m_PrefabAsset: {fileID: 0}
  m_GameObject: {fileID: 1832778997951358}
  m_LocalRotation: {x: -0.00000013954381, y: 0.00000007120541, z: -0.0571078, w: 0.998368}
  m_LocalPosition: {x: -0.19643253, y: 0, z: 0}
  m_LocalScale: {x: 0.99999994, y: 0.99999994, z: 1}
  m_Children:
  - {fileID: 4376936806069888}
  - {fileID: 4292841149969820}
  - {fileID: 4228043104098850}
  m_Father: {fileID: 4133160886688168}
  m_RootOrder: 0
  m_LocalEulerAnglesHint: {x: 9.261236, y: 15.730807, z: 41.641273}
--- !u!1 &1835586693142616
GameObject:
  m_ObjectHideFlags: 0
  m_CorrespondingSourceObject: {fileID: 0}
  m_PrefabInstance: {fileID: 0}
  m_PrefabAsset: {fileID: 0}
  serializedVersion: 6
  m_Component:
  - component: {fileID: 4154541004101470}
  m_Layer: 0
  m_Name: bone_chibang_19
  m_TagString: Untagged
  m_Icon: {fileID: 0}
  m_NavMeshLayer: 0
  m_StaticEditorFlags: 0
  m_IsActive: 1
--- !u!4 &4154541004101470
Transform:
  m_ObjectHideFlags: 0
  m_CorrespondingSourceObject: {fileID: 0}
  m_PrefabInstance: {fileID: 0}
  m_PrefabAsset: {fileID: 0}
  m_GameObject: {fileID: 1835586693142616}
  m_LocalRotation: {x: 0.0040529487, y: 0.021558259, z: -0.15782185, w: 0.9872239}
  m_LocalPosition: {x: -0.8415134, y: 0, z: -0.0000004649162}
  m_LocalScale: {x: 1.0000001, y: 1.0000001, z: 0.99999994}
  m_Children:
  - {fileID: 4091483115241716}
  m_Father: {fileID: 4090411549770848}
  m_RootOrder: 0
  m_LocalEulerAnglesHint: {x: -5.7117767, y: -13.949871, z: -49.12055}
--- !u!1 &1851413908589346
GameObject:
  m_ObjectHideFlags: 0
  m_CorrespondingSourceObject: {fileID: 0}
  m_PrefabInstance: {fileID: 0}
  m_PrefabAsset: {fileID: 0}
  serializedVersion: 6
  m_Component:
  - component: {fileID: 4699423651146190}
  m_Layer: 0
  m_Name: bone_weiba_02
  m_TagString: Untagged
  m_Icon: {fileID: 0}
  m_NavMeshLayer: 0
  m_StaticEditorFlags: 0
  m_IsActive: 1
--- !u!4 &4699423651146190
Transform:
  m_ObjectHideFlags: 0
  m_CorrespondingSourceObject: {fileID: 0}
  m_PrefabInstance: {fileID: 0}
  m_PrefabAsset: {fileID: 0}
  m_GameObject: {fileID: 1851413908589346}
  m_LocalRotation: {x: -0.0055490746, y: 0.090881996, z: 0.009217925, w: 0.9958036}
  m_LocalPosition: {x: -0.48889083, y: 0.00000030994414, z: 0.000000038743018}
  m_LocalScale: {x: 0.9999999, y: 0.9999999, z: 1}
  m_Children:
  - {fileID: 4586208495731532}
  m_Father: {fileID: 4060192513482734}
  m_RootOrder: 0
  m_LocalEulerAnglesHint: {x: 0.8576523, y: 13.131922, z: -14.428996}
--- !u!1 &1870864602080130
GameObject:
  m_ObjectHideFlags: 0
  m_CorrespondingSourceObject: {fileID: 0}
  m_PrefabInstance: {fileID: 0}
  m_PrefabAsset: {fileID: 0}
  serializedVersion: 6
  m_Component:
  - component: {fileID: 4639432142320642}
  m_Layer: 0
  m_Name: FR
  m_TagString: Untagged
  m_Icon: {fileID: 0}
  m_NavMeshLayer: 0
  m_StaticEditorFlags: 0
  m_IsActive: 1
--- !u!4 &4639432142320642
Transform:
  m_ObjectHideFlags: 0
  m_CorrespondingSourceObject: {fileID: 0}
  m_PrefabInstance: {fileID: 0}
  m_PrefabAsset: {fileID: 0}
  m_GameObject: {fileID: 1870864602080130}
  m_LocalRotation: {x: 0.0000002384186, y: 9.3130315e-10, z: -0.000000081956394, w: 1}
  m_LocalPosition: {x: -0.000000009685754, y: -0.000000038743018, z: -0.000000019371509}
  m_LocalScale: {x: 0.9999999, y: 0.99999994, z: 1}
  m_Children: []
  m_Father: {fileID: 4172931009573050}
  m_RootOrder: 1
  m_LocalEulerAnglesHint: {x: 0, y: 0, z: 0}
--- !u!1 &1871914528795194
GameObject:
  m_ObjectHideFlags: 0
  m_CorrespondingSourceObject: {fileID: 0}
  m_PrefabInstance: {fileID: 0}
  m_PrefabAsset: {fileID: 0}
  serializedVersion: 6
  m_Component:
  - component: {fileID: 4047764313663234}
  m_Layer: 0
  m_Name: Bip001 Pelvis
  m_TagString: Untagged
  m_Icon: {fileID: 0}
  m_NavMeshLayer: 0
  m_StaticEditorFlags: 0
  m_IsActive: 1
--- !u!4 &4047764313663234
Transform:
  m_ObjectHideFlags: 0
  m_CorrespondingSourceObject: {fileID: 0}
  m_PrefabInstance: {fileID: 0}
  m_PrefabAsset: {fileID: 0}
  m_GameObject: {fileID: 1871914528795194}
  m_LocalRotation: {x: -0.49999967, y: 0.50000036, z: 0.49999967, w: 0.50000036}
  m_LocalPosition: {x: -0, y: 0, z: 0}
  m_LocalScale: {x: 1, y: 1, z: 1}
  m_Children:
  - {fileID: 4329914927051718}
  - {fileID: 4101571376035912}
  m_Father: {fileID: 4750630401514638}
  m_RootOrder: 1
  m_LocalEulerAnglesHint: {x: -90, y: 90, z: 0}
--- !u!1 &1874561943937736
GameObject:
  m_ObjectHideFlags: 0
  m_CorrespondingSourceObject: {fileID: 0}
  m_PrefabInstance: {fileID: 0}
  m_PrefabAsset: {fileID: 0}
  serializedVersion: 6
  m_Component:
  - component: {fileID: 4562942689818208}
  m_Layer: 0
  m_Name: bone_chibang_15
  m_TagString: Untagged
  m_Icon: {fileID: 0}
  m_NavMeshLayer: 0
  m_StaticEditorFlags: 0
  m_IsActive: 1
--- !u!4 &4562942689818208
Transform:
  m_ObjectHideFlags: 0
  m_CorrespondingSourceObject: {fileID: 0}
  m_PrefabInstance: {fileID: 0}
  m_PrefabAsset: {fileID: 0}
  m_GameObject: {fileID: 1874561943937736}
  m_LocalRotation: {x: 0.012643199, y: 0.09144863, z: -0.14076386, w: 0.9857296}
  m_LocalPosition: {x: -0.95302355, y: 0.00000015497207, z: 0}
  m_LocalScale: {x: 1, y: 1, z: 1}
  m_Children:
  - {fileID: 4044020564808782}
  m_Father: {fileID: 4894766624113500}
  m_RootOrder: 0
  m_LocalEulerAnglesHint: {x: -5.3227677, y: -10.412406, z: -42.885036}
--- !u!1 &1874825860902034
GameObject:
  m_ObjectHideFlags: 0
  m_CorrespondingSourceObject: {fileID: 0}
  m_PrefabInstance: {fileID: 0}
  m_PrefabAsset: {fileID: 0}
  serializedVersion: 6
  m_Component:
  - component: {fileID: 4985799352492194}
  m_Layer: 0
  m_Name: Bone012
  m_TagString: Untagged
  m_Icon: {fileID: 0}
  m_NavMeshLayer: 0
  m_StaticEditorFlags: 0
  m_IsActive: 1
--- !u!4 &4985799352492194
Transform:
  m_ObjectHideFlags: 0
  m_CorrespondingSourceObject: {fileID: 0}
  m_PrefabInstance: {fileID: 0}
  m_PrefabAsset: {fileID: 0}
  m_GameObject: {fileID: 1874825860902034}
  m_LocalRotation: {x: -0.0000011898136, y: 0.00000030960737, z: -0.26353997, w: 0.9646485}
  m_LocalPosition: {x: -0.60614204, y: -0.00000030994414, z: -0.000000077486035}
  m_LocalScale: {x: 1, y: 1, z: 1}
  m_Children: []
  m_Father: {fileID: 4047578927987496}
  m_RootOrder: 0
  m_LocalEulerAnglesHint: {x: 0, y: 0, z: 0}
--- !u!1 &1919611016353054
GameObject:
  m_ObjectHideFlags: 0
  m_CorrespondingSourceObject: {fileID: 0}
  m_PrefabInstance: {fileID: 0}
  m_PrefabAsset: {fileID: 0}
  serializedVersion: 6
  m_Component:
  - component: {fileID: 4147127881686554}
  m_Layer: 0
  m_Name: Bip001 L Toe0
  m_TagString: Untagged
  m_Icon: {fileID: 0}
  m_NavMeshLayer: 0
  m_StaticEditorFlags: 0
  m_IsActive: 1
--- !u!4 &4147127881686554
Transform:
  m_ObjectHideFlags: 0
  m_CorrespondingSourceObject: {fileID: 0}
  m_PrefabInstance: {fileID: 0}
  m_PrefabAsset: {fileID: 0}
  m_GameObject: {fileID: 1919611016353054}
  m_LocalRotation: {x: 0.0000000129072, y: -0.00000001678942, z: -0.61291575, w: 0.7901483}
  m_LocalPosition: {x: -0.08355189, y: 0.113057084, z: 0}
  m_LocalScale: {x: 0.99999994, y: 0.9999999, z: 0.99999994}
  m_Children:
  - {fileID: 4319065292672816}
  m_Father: {fileID: 4876467937366370}
  m_RootOrder: 0
  m_LocalEulerAnglesHint: {x: 0.00000062604755, y: -0.0000011033131, z: -75.60125}
--- !u!1 &1931682932970308
GameObject:
  m_ObjectHideFlags: 0
  m_CorrespondingSourceObject: {fileID: 0}
  m_PrefabInstance: {fileID: 0}
  m_PrefabAsset: {fileID: 0}
  serializedVersion: 6
  m_Component:
  - component: {fileID: 4228043104098850}
  - component: {fileID: 114651198566796212}
  m_Layer: 0
  m_Name: Mouth
  m_TagString: Enemy
  m_Icon: {fileID: 0}
  m_NavMeshLayer: 0
  m_StaticEditorFlags: 0
  m_IsActive: 1
--- !u!4 &4228043104098850
Transform:
  m_ObjectHideFlags: 0
  m_CorrespondingSourceObject: {fileID: 0}
  m_PrefabInstance: {fileID: 0}
  m_PrefabAsset: {fileID: 0}
  m_GameObject: {fileID: 1931682932970308}
  m_LocalRotation: {x: 0, y: 0, z: 0, w: 1}
  m_LocalPosition: {x: -0.13061906, y: 0.2509958, z: -0}
  m_LocalScale: {x: 1, y: 1, z: 1}
  m_Children: []
  m_Father: {fileID: 4394377742573184}
  m_RootOrder: 2
  m_LocalEulerAnglesHint: {x: 0, y: 0, z: 0}
--- !u!114 &114651198566796212
MonoBehaviour:
  m_ObjectHideFlags: 0
  m_CorrespondingSourceObject: {fileID: 0}
  m_PrefabInstance: {fileID: 0}
  m_PrefabAsset: {fileID: 0}
  m_GameObject: {fileID: 1931682932970308}
  m_Enabled: 1
  m_EditorHideFlags: 0
  m_Script: {fileID: 11500000, guid: 01af0a7721d020b4bb22211a2f614ddb, type: 3}
  m_Name: 
  m_EditorClassIdentifier: 
  attackCooledDown: 0
--- !u!1 &1949346838885190
GameObject:
  m_ObjectHideFlags: 0
  m_CorrespondingSourceObject: {fileID: 0}
  m_PrefabInstance: {fileID: 0}
  m_PrefabAsset: {fileID: 0}
  serializedVersion: 6
  m_Component:
  - component: {fileID: 4493922203277394}
  m_Layer: 0
  m_Name: bone_chibang_23
  m_TagString: Untagged
  m_Icon: {fileID: 0}
  m_NavMeshLayer: 0
  m_StaticEditorFlags: 0
  m_IsActive: 1
--- !u!4 &4493922203277394
Transform:
  m_ObjectHideFlags: 0
  m_CorrespondingSourceObject: {fileID: 0}
  m_PrefabInstance: {fileID: 0}
  m_PrefabAsset: {fileID: 0}
  m_GameObject: {fileID: 1949346838885190}
  m_LocalRotation: {x: 0.0021294702, y: 0.014286079, z: -0.14439557, w: 0.98941463}
  m_LocalPosition: {x: -0.43221572, y: 0.00000015497207, z: 0}
  m_LocalScale: {x: 0.99999994, y: 0.9999998, z: 1}
  m_Children:
  - {fileID: 4895755285296084}
  m_Father: {fileID: 4656346653919780}
  m_RootOrder: 0
  m_LocalEulerAnglesHint: {x: -0.9966218, y: -3.0569553, z: -19.151281}
--- !u!1 &1954551591821002
GameObject:
  m_ObjectHideFlags: 0
  m_CorrespondingSourceObject: {fileID: 0}
  m_PrefabInstance: {fileID: 0}
  m_PrefabAsset: {fileID: 0}
  serializedVersion: 6
  m_Component:
  - component: {fileID: 4974102328344618}
  m_Layer: 0
  m_Name: Bip001 R Hand
  m_TagString: Untagged
  m_Icon: {fileID: 0}
  m_NavMeshLayer: 0
  m_StaticEditorFlags: 0
  m_IsActive: 1
--- !u!4 &4974102328344618
Transform:
  m_ObjectHideFlags: 0
  m_CorrespondingSourceObject: {fileID: 0}
  m_PrefabInstance: {fileID: 0}
  m_PrefabAsset: {fileID: 0}
  m_GameObject: {fileID: 1954551591821002}
  m_LocalRotation: {x: 0.99746346, y: -0.008007262, z: -0.0005741634, w: -0.0707265}
  m_LocalPosition: {x: -0.34000003, y: 0.000000077486035, z: 0.000000038743018}
  m_LocalScale: {x: 1.0000001, y: 1.0000001, z: 1.0000001}
  m_Children:
  - {fileID: 4476781420982400}
  - {fileID: 4217640957689782}
  m_Father: {fileID: 4493269951166218}
  m_RootOrder: 0
  m_LocalEulerAnglesHint: {x: -8.112237, y: 179.99289, z: 171.14865}
--- !u!1 &1968307467064338
GameObject:
  m_ObjectHideFlags: 0
  m_CorrespondingSourceObject: {fileID: 0}
  m_PrefabInstance: {fileID: 0}
  m_PrefabAsset: {fileID: 0}
  serializedVersion: 6
  m_Component:
  - component: {fileID: 4217640957689782}
  m_Layer: 0
  m_Name: HR
  m_TagString: Untagged
  m_Icon: {fileID: 0}
  m_NavMeshLayer: 0
  m_StaticEditorFlags: 0
  m_IsActive: 1
--- !u!4 &4217640957689782
Transform:
  m_ObjectHideFlags: 0
  m_CorrespondingSourceObject: {fileID: 0}
  m_PrefabInstance: {fileID: 0}
  m_PrefabAsset: {fileID: 0}
  m_GameObject: {fileID: 1968307467064338}
  m_LocalRotation: {x: 0.000000014435504, y: -0.0000000044237822, z: 0.00000007450583,
    w: 1}
  m_LocalPosition: {x: 0.000000048428774, y: -0.000000019371509, z: -0.000000038743018}
  m_LocalScale: {x: 0.99999976, y: 0.9999997, z: 0.9999998}
  m_Children: []
  m_Father: {fileID: 4974102328344618}
  m_RootOrder: 1
  m_LocalEulerAnglesHint: {x: 0, y: 0, z: 0}
--- !u!1 &1970805490257098
GameObject:
  m_ObjectHideFlags: 0
  m_CorrespondingSourceObject: {fileID: 0}
  m_PrefabInstance: {fileID: 0}
  m_PrefabAsset: {fileID: 0}
  serializedVersion: 6
  m_Component:
  - component: {fileID: 4142988349962986}
  m_Layer: 0
  m_Name: Bip001 L Finger0
  m_TagString: Untagged
  m_Icon: {fileID: 0}
  m_NavMeshLayer: 0
  m_StaticEditorFlags: 0
  m_IsActive: 1
--- !u!4 &4142988349962986
Transform:
  m_ObjectHideFlags: 0
  m_CorrespondingSourceObject: {fileID: 0}
  m_PrefabInstance: {fileID: 0}
  m_PrefabAsset: {fileID: 0}
  m_GameObject: {fileID: 1970805490257098}
  m_LocalRotation: {x: -0.00039816098, y: -0.000000001402917, z: 0.000000014900606,
    w: 0.99999994}
  m_LocalPosition: {x: -0.12581377, y: -0.000000038743018, z: 0}
  m_LocalScale: {x: 0.9999999, y: 0.9999998, z: 0.9999999}
  m_Children:
  - {fileID: 4933083077253004}
  m_Father: {fileID: 4688962696466672}
  m_RootOrder: 0
  m_LocalEulerAnglesHint: {x: -0.045624997, y: -0.00000016548275, z: -0.0000006640463}
--- !u!1 &1989091992074630
GameObject:
  m_ObjectHideFlags: 0
  m_CorrespondingSourceObject: {fileID: 0}
  m_PrefabInstance: {fileID: 0}
  m_PrefabAsset: {fileID: 0}
  serializedVersion: 6
  m_Component:
  - component: {fileID: 4045381696071512}
  - component: {fileID: 2996962809192482588}
  m_Layer: 0
  m_Name: Bip001 Footsteps
  m_TagString: Untagged
  m_Icon: {fileID: 0}
  m_NavMeshLayer: 0
  m_StaticEditorFlags: 0
  m_IsActive: 1
--- !u!4 &4045381696071512
Transform:
  m_ObjectHideFlags: 0
  m_CorrespondingSourceObject: {fileID: 0}
  m_PrefabInstance: {fileID: 0}
  m_PrefabAsset: {fileID: 0}
  m_GameObject: {fileID: 1989091992074630}
  m_LocalRotation: {x: -0.4292538, y: 0.42925316, z: -0.56190836, w: 0.5619092}
  m_LocalPosition: {x: -0.5275646, y: -0.00000075897276, z: -0.14379229}
  m_LocalScale: {x: 1, y: 1, z: 1}
  m_Children: []
  m_Father: {fileID: 4750630401514638}
  m_RootOrder: 0
  m_LocalEulerAnglesHint: {x: -1.0777204, y: 74.164085, z: -94.46333}
--- !u!82 &2996962809192482588
AudioSource:
  m_ObjectHideFlags: 0
  m_CorrespondingSourceObject: {fileID: 0}
  m_PrefabInstance: {fileID: 0}
  m_PrefabAsset: {fileID: 0}
  m_GameObject: {fileID: 1989091992074630}
  m_Enabled: 1
  serializedVersion: 4
  OutputAudioMixerGroup: {fileID: 0}
  m_audioClip: {fileID: 8300000, guid: 20fd9077cf65686479ce59d411444cec, type: 3}
  m_PlayOnAwake: 1
  m_Volume: 0.25
  m_Pitch: 1
  Loop: 1
  Mute: 0
  Spatialize: 0
  SpatializePostEffects: 0
  Priority: 200
  DopplerLevel: 1
  MinDistance: 1
  MaxDistance: 500
  Pan2D: 0
  rolloffMode: 0
  BypassEffects: 0
  BypassListenerEffects: 0
  BypassReverbZones: 0
  rolloffCustomCurve:
    serializedVersion: 2
    m_Curve:
    - serializedVersion: 3
      time: 0
      value: 1
      inSlope: 0
      outSlope: 0
      tangentMode: 0
      weightedMode: 0
      inWeight: 0.33333334
      outWeight: 0.33333334
    - serializedVersion: 3
      time: 1
      value: 0
      inSlope: 0
      outSlope: 0
      tangentMode: 0
      weightedMode: 0
      inWeight: 0.33333334
      outWeight: 0.33333334
    m_PreInfinity: 2
    m_PostInfinity: 2
    m_RotationOrder: 4
  panLevelCustomCurve:
    serializedVersion: 2
    m_Curve:
    - serializedVersion: 3
      time: 0
      value: 0
      inSlope: 0
      outSlope: 0
      tangentMode: 0
      weightedMode: 0
      inWeight: 0.33333334
      outWeight: 0.33333334
    m_PreInfinity: 2
    m_PostInfinity: 2
    m_RotationOrder: 4
  spreadCustomCurve:
    serializedVersion: 2
    m_Curve:
    - serializedVersion: 3
      time: 0
      value: 0
      inSlope: 0
      outSlope: 0
      tangentMode: 0
      weightedMode: 0
      inWeight: 0.33333334
      outWeight: 0.33333334
    m_PreInfinity: 2
    m_PostInfinity: 2
    m_RotationOrder: 4
  reverbZoneMixCustomCurve:
    serializedVersion: 2
    m_Curve:
    - serializedVersion: 3
      time: 0
      value: 1
      inSlope: 0
      outSlope: 0
      tangentMode: 0
      weightedMode: 0
      inWeight: 0.33333334
      outWeight: 0.33333334
    m_PreInfinity: 2
    m_PostInfinity: 2
    m_RotationOrder: 4
--- !u!1 &1994205069757322
GameObject:
  m_ObjectHideFlags: 0
  m_CorrespondingSourceObject: {fileID: 0}
  m_PrefabInstance: {fileID: 0}
  m_PrefabAsset: {fileID: 0}
  serializedVersion: 6
  m_Component:
  - component: {fileID: 4329914927051718}
  m_Layer: 0
  m_Name: Bip001 Spine
  m_TagString: Untagged
  m_Icon: {fileID: 0}
  m_NavMeshLayer: 0
  m_StaticEditorFlags: 0
  m_IsActive: 1
--- !u!4 &4329914927051718
Transform:
  m_ObjectHideFlags: 0
  m_CorrespondingSourceObject: {fileID: 0}
  m_PrefabInstance: {fileID: 0}
  m_PrefabAsset: {fileID: 0}
  m_GameObject: {fileID: 1994205069757322}
  m_LocalRotation: {x: -0.0000020804762, y: 0.00000069367604, z: -0.00039815909, w: 0.99999994}
  m_LocalPosition: {x: -0.18838878, y: -0.0038078187, z: 0.00000028175145}
  m_LocalScale: {x: 1, y: 1, z: 1}
  m_Children:
  - {fileID: 4891475153830416}
  - {fileID: 4233581764935572}
  - {fileID: 4267869279711594}
  m_Father: {fileID: 4047764313663234}
  m_RootOrder: 0
  m_LocalEulerAnglesHint: {x: -0.018028798, y: 0.258303, z: 14.7352295}
--- !u!1001 &8766733776902783941
PrefabInstance:
  m_ObjectHideFlags: 0
  serializedVersion: 2
  m_Modification:
    m_TransformParent: {fileID: 4838504910096310}
    m_Modifications:
    - target: {fileID: 7911494287352251481, guid: bfc0a07ae06d2854c9d55c2a125bb331,
        type: 3}
      propertyPath: m_Name
      value: Circle Ref
      objectReference: {fileID: 0}
    - target: {fileID: 7911494287352251482, guid: bfc0a07ae06d2854c9d55c2a125bb331,
        type: 3}
      propertyPath: m_LocalPosition.x
      value: 0
      objectReference: {fileID: 0}
    - target: {fileID: 7911494287352251482, guid: bfc0a07ae06d2854c9d55c2a125bb331,
        type: 3}
      propertyPath: m_LocalPosition.y
      value: 0.01
      objectReference: {fileID: 0}
    - target: {fileID: 7911494287352251482, guid: bfc0a07ae06d2854c9d55c2a125bb331,
        type: 3}
      propertyPath: m_LocalPosition.z
      value: 0
      objectReference: {fileID: 0}
    - target: {fileID: 7911494287352251482, guid: bfc0a07ae06d2854c9d55c2a125bb331,
        type: 3}
      propertyPath: m_LocalRotation.x
      value: 0
      objectReference: {fileID: 0}
    - target: {fileID: 7911494287352251482, guid: bfc0a07ae06d2854c9d55c2a125bb331,
        type: 3}
      propertyPath: m_LocalRotation.y
      value: 0
      objectReference: {fileID: 0}
    - target: {fileID: 7911494287352251482, guid: bfc0a07ae06d2854c9d55c2a125bb331,
        type: 3}
      propertyPath: m_LocalRotation.z
      value: 0
      objectReference: {fileID: 0}
    - target: {fileID: 7911494287352251482, guid: bfc0a07ae06d2854c9d55c2a125bb331,
        type: 3}
      propertyPath: m_LocalRotation.w
      value: 1
      objectReference: {fileID: 0}
    - target: {fileID: 7911494287352251482, guid: bfc0a07ae06d2854c9d55c2a125bb331,
        type: 3}
      propertyPath: m_RootOrder
      value: 4
      objectReference: {fileID: 0}
    - target: {fileID: 7911494287352251482, guid: bfc0a07ae06d2854c9d55c2a125bb331,
        type: 3}
      propertyPath: m_LocalEulerAnglesHint.x
      value: 0
      objectReference: {fileID: 0}
    - target: {fileID: 7911494287352251482, guid: bfc0a07ae06d2854c9d55c2a125bb331,
        type: 3}
      propertyPath: m_LocalEulerAnglesHint.y
      value: 0
      objectReference: {fileID: 0}
    - target: {fileID: 7911494287352251482, guid: bfc0a07ae06d2854c9d55c2a125bb331,
        type: 3}
      propertyPath: m_LocalEulerAnglesHint.z
      value: 0
      objectReference: {fileID: 0}
    - target: {fileID: 7911494287352251482, guid: bfc0a07ae06d2854c9d55c2a125bb331,
        type: 3}
      propertyPath: m_LocalScale.x
      value: 0.5
      objectReference: {fileID: 0}
    - target: {fileID: 7911494287352251482, guid: bfc0a07ae06d2854c9d55c2a125bb331,
        type: 3}
      propertyPath: m_LocalScale.z
      value: 0.5
      objectReference: {fileID: 0}
    m_RemovedComponents: []
  m_SourcePrefab: {fileID: 100100000, guid: bfc0a07ae06d2854c9d55c2a125bb331, type: 3}
--- !u!4 &1469008897789151135 stripped
Transform:
  m_CorrespondingSourceObject: {fileID: 7911494287352251482, guid: bfc0a07ae06d2854c9d55c2a125bb331,
    type: 3}
  m_PrefabInstance: {fileID: 8766733776902783941}
  m_PrefabAsset: {fileID: 0}
